3006 5170
247 473 288 532 70
754 469 910 519 vrrrnvu

246 641 374 714 rantur,
400 630 474 695 ideo
497 627 609 694 vitiosi
631 627 731 707 fiunt,
761 621 864 710 quod,
898 641 1059 684 summum
1083 617 1207 683 corium
1228 615 1279 681 sol
1307 614 1450 678 acriter

246 773 320 816 cum
338 748 540 837 praecoquit,
563 745 674 827 efficit,
697 753 733 808 ut
752 742 905 808 videatur
924 737 1062 821 aridum,
1083 736 1221 800 interius
1245 743 1381 798 autern
1409 735 1452 796 sit

247 893 313 934 non
343 869 485 948 siccum3
522 871 555 928 et
590 885 663 928 cum
691 869 807 948 postea
835 855 1043 923 siccescendo
1074 879 1108 919 se
1138 853 1333 936 contrahit,
1371 875 1450 940 per-

247 987 370 1072 rumpit
393 1005 441 1066 ea,
459 1004 541 1070 quae
561 989 656 1046 erant
677 979 788 1062 arida3
811 979 858 1042 ita
876 975 989 1040 rimosi
1012 973 1092 1039 facti
1114 972 1312 1038 efficiuntur
1333 972 1451 1036 imbe-

218 1103 325 1172 scilli.
369 1101 514 1166 Maxime
537 1107 646 1162 autem
666 1097 814 1162 utiliores
838 1105 943 1179 erunt,
967 1094 994 1158 si
1009 1101 1085 1157 ante
1105 1091 1275 1156 biennium
1301 1091 1452 1156 fuerint

249 1221 355 1305 ducti3
378 1240 519 1305 namque
540 1239 607 1282 non
624 1225 698 1280 ante
714 1224 853 1302 possunt
866 1214 998 1300 penitus
1014 1211 1205 1275 siccescere.
1253 1209 1354 1296 (15.)
1380 1210 1451 1273 Ita·

248 1362 311 1426 que
333 1361 408 1403 cum
437 1345 586 1402 recentes
610 1343 642 1400 et
661 1356 726 1398 non
749 1333 834 1398 aridi
858 1339 934 1396 sunt
961 1330 1093 1412 structi,
1123 1330 1262 1394 tectorio
1287 1329 1450 1393 inducto

249 1457 422 1542 rigideque
450 1453 650 1536 obsolidato,
678 1458 871 1540 permanent
898 1448 963 1535 ipsi
992 1447 1156 1529 sidentes,
1187 1468 1254 1510 non
1283 1455 1450 1534 possunt

250 1574 387 1638 eandem
408 1573 632 1655 altitudinem,
664 1594 729 1659 qua
750 1578 800 1634 est
818 1567 1006 1648 tectorium,
1032 1574 1143 1629 tenere
1151 1615 1160 1649 ,
1186 1569 1450 1631 contractione-

207 1715 232 1756 ιο
251 1714 314 1778 que
336 1692 415 1755 moti
438 1713 503 1755 non
522 1689 658 1754 haerent
679 1712 752 1754 cum
775 1709 824 1770 ec,
849 1684 908 1751 sed
930 1705 950 1748 a
971 1685 1200 1748 coniunctione
1220 1685 1293 1747 eius
1320 1685 1449 1772 dispa-

250 1816 375 1872 rantur.
420 1805 528 1891 Igitur
549 1808 686 1870 tectoria
707 1806 749 1870 ab
773 1813 937 1870 structura
959 1804 1109 1867 seiuncta
1128 1810 1260 1889 propter
1283 1805 1450 1867 tenuita-

250 1933 316 1988 tem
337 1946 397 2010 per
419 1945 454 1988 se
477 1931 564 1987 stare
579 1945 646 1988 non
661 1932 809 2010 possunt,
825 1922 883 1986 sed
897 1927 1110 2006 franguntur3
1131 1920 1259 2007 ipsique
1278 1923 1448 2007 parietes

251 2041 391 2104 fortuitu
420 2038 564 2104 sidentes
592 2041 761 2105 vitiantur.
804 2041 884 2105 Ideo
914 2041 1013 2103 etiarn
1040 2038 1215 2104 Uticenses
1245 2037 1381 2122 latere,
1418 2041 1448 2104 si

253 2159 295 2221 sit
316 2157 428 2222 aridus
453 2165 486 2221 et
511 2167 587 2221 ante
608 2160 866 2246 quinquennium
890 2156 1023 2239 ductus,
1053 2177 1126 2219 cum
1155 2156 1293 2221 arbitrio
1323 2158 1447 2242 magi·
1500 2187 1501 2206 .

209 2302 233 2342 15
252 2283 373 2339 stratus
402 2273 501 2338 fuerit
530 2275 576 2338 ita
603 2275 777 2362 probatus,
811 2258 889 2339 tunc
917 2283 1055 2338 utuntur
1081 2275 1117 2337 in
1147 2274 1310 2360 parietum
1347 2285 1445 2340 stru·
1501 2330 1502 2376 ,

251 2392 364 2456 cturis.

337 2750 367 2810 3.
398 2746 480 2834 (16.)
508 2745 610 2809 Fiunt
637 2753 747 2809 autem
774 2744 912 2810 laterum
942 2769 1064 2831 genera
1095 2747 1174 2810 tria:
1207 2767 1309 2812 unum
1337 2746 1444 2831 quod

252 2865 378 2929 Graece
400 2863 544 2948 Lydium
565 2863 758 2949 appellatur,
782 2865 888 2928 idest
910 2887 975 2950 quo
994 2866 1098 2929 nostri
1120 2873 1266 2946 utuntur,
1288 2861 1442 2949 longum

253 2980 465 3067 sesquipede,
492 2980 595 3044 latum
619 2982 720 3068 pede3
754 2984 870 3046 ceteris
898 2982 1025 3046 duobus
1048 2971 1248 3047 Graecorum
1270 2979 1444 3046 aedificia

208 3124 234 3162 ro
253 3106 437 3162 struuntur:
467 3120 510 3161 ex
529 3097 580 3161 his
602 3119 704 3160 unum
726 3094 955 3183 πεντάὸωρον,
978 3100 1117 3164 alterum
1138 3093 1355 3181 rsrpddropov
1388 3102 1443 3165 di-

253 3217 353 3298 eitur3
377 3214 489 3294 δῶρον
508 3224 618 3280 autem
641 3216 761 3280 Graeci
783 3217 950 3303 appellant
970 3218 1125 3303 palmum,
1146 3217 1234 3304 quod
1251 3239 1443 3282 munerum

254 3332 342 3397 datio
366 3332 493 3396 Graece
516 3332 628 3415 δῶρον
650 3333 851 3418 appellatur,
875 3333 912 3397 id
938 3344 1047 3399 autem
1070 3356 1198 3421 semper
1222 3335 1345 3420 geritur
1369 3359 1442 3421 per

253 3471 369 3512 manus
390 3447 544 3534 palmum.
590 3451 641 3514 Ita
669 3451 756 3537 quod
784 3460 835 3515 est
860 3472 1107 3538 quoquoversus
1135 3453 1279 3537 quinque
1300 3449 1441 3536 palmo-

253 3589 341 3650 rum,
367 3567 588 3653 pentadoron,
610 3570 696 3654 quod
720 3578 875 3656 quatuor,
904 3570 1093 3634 tetradoron
1115 3569 1252 3651 dicitur3
1278 3576 1310 3632 et
1337 3590 1441 3653 quae

212 3715 237 3752 rs
255 3695 331 3749 sunt
352 3685 486 3772 publica
508 3705 607 3770 opera
629 3686 826 3771 pentadoro,
850 3709 933 3773 quae
956 3688 1086 3772 privata
1106 3685 1272 3750 tetradoro
1295 3694 1441 3752 struun-

255 3812 319 3866 tur.
363 3807 393 3865 4.
412 3801 493 3887 (17.)
515 3802 618 3864 Fiunt
637 3810 746 3865 autem
768 3823 841 3864 eum
862 3802 913 3867 his
936 3804 1095 3868 lateribus
1117 3802 1323 3886 semilateria,
1337 3825 1441 3888 quae

256 3943 330 3988 cum
352 3927 537 4003 struuntur,
567 3941 635 3983 una
662 3926 755 4006 parte
777 3941 795 3982 e
815 3918 973 3985 lateribus
995 3921 1142 4004 ordines,
1171 3921 1274 3986 altera
1296 3922 1440 3988 semila-

255 4049 343 4104 teres
364 4045 545 4125 ponuntur3
579 4060 656 4122 ergo
681 4059 723 4101 ex
748 4045 886 4124 utraque
907 4047 1001 4124 parte
1025 4040 1068 4103 ad
1089 4039 1209 4103 lineam
1232 4047 1439 4106 construun-

256 4166 319 4240 tur,
343 4154 480 4219 alternis
503 4154 609 4218 choris
631 4157 773 4241 parietes
797 4155 983 4242 alligantur,
1008 4166 1040 4222 et
1059 4158 1160 4222 medii
1183 4158 1302 4222 lateres
1323 4180 1437 4244 supra

213 4301 240 4342 ao
258 4281 451 4359 coagmenta
471 4271 622 4336 collocati
644 4282 676 4337 et
703 4273 888 4339 firmitatem
916 4285 948 4339 et
976 4274 1117 4362 speciem
1137 4273 1265 4339 faciunt
1287 4284 1436 4364 utraque

257 4400 352 4480 parte
371 4413 438 4465 non
456 4392 675 4455 invenustam.
