3008 5162
269 425 309 488 86
355 485 357 491 ,
770 433 930 479 mrnuvu

269 601 376 656 torum
395 591 564 653 raritatem
586 588 685 652 fuerit
707 595 850 667 exsucta,
874 583 1012 670 calxque
1032 583 1074 647 ab
1096 583 1220 646 harena
1243 582 1399 647 discedet
1418 593 1449 644 et

271 707 488 789 dissolvetur,
517 707 595 769 item
623 695 792 768 caementa
818 725 883 767 non
911 709 1049 788 possunt
1076 721 1153 774 cum
1170 700 1227 802 ‘his
1258 701 1447 782 cohaerere,

271 825 329 888 sed
361 825 396 887 in
420 832 617 889 vetustatem
648 823 791 908 parietes
822 821 970 884 efficiunt
996 820 1158 882 ruinosos.
1205 823 1234 883 3.
1264 818 1306 881 Id
1335 827 1449 881 autem

271 941 348 1006 licet
369 941 629 1005 animadvertere
647 940 745 1003 etiam
766 939 806 1002 de
827 936 991 1003 nonnullis
1008 939 1237 1019 monumentis,
1257 958 1341 1023 quae
1358 938 1448 999 circa

241 1059 396 1128 sUrbem
415 1058 502 1122 facta
525 1068 600 1121 sunt
622 1080 639 1120 e
660 1077 820 1120 marmore
841 1078 899 1118 seu
920 1054 1086 1142 lapidibus
1108 1055 1295 1142 quadratis3
1329 1057 1447 1118 intrin-

218 1188 223 1197 '
273 1198 364 1239 secus
388 1197 471 1261 quae
493 1175 600 1238 medio
632 1173 757 1237 calcata
784 1176 972 1255 structuris,
994 1181 1157 1236 vetustate
1187 1173 1330 1236 evanida
1356 1172 1447 1235 sacta

271 1293 409 1356 materia
442 1301 745 1377 caementorumque
775 1299 911 1354 exsucta
941 1293 1096 1372 raritate,
1130 1284 1290 1376 proruunt
1326 1300 1360 1354 et
1397 1313 1446 1354 co·

271 1419 498 1497 agmentorum
519 1409 560 1472 ab
582 1412 678 1472 ruina
701 1407 868 1473 dissolutis
891 1409 1050 1472 iuncturis
1075 1409 1286 1494 dissipantur.

358 1652 387 1709 4.
414 1646 494 1731 (32.)
519 1645 617 1725 Quod
638 1647 665 1707 si
688 1647 744 1729 qui
763 1646 904 1710 noluerit
921 1649 956 1709 in
976 1647 1010 1710 id
1027 1647 1144 1710 vitium
1162 1646 1318 1729 incidere,
1336 1645 1445 1709 medio

232 1788 256 1828 ro
273 1788 354 1830 cavo
377 1772 505 1826 servato
525 1763 704 1826 secundum
728 1762 933 1846 orthostatas,
956 1765 1151 1828 intrinsecus
1175 1787 1217 1828 ex
1239 1764 1340 1827 rubro
1364 1785 1445 1828 saxo

274 1881 431 1966 quadrato
454 1889 510 1943 aut
533 1902 575 1942 ex
597 1887 759 1943 testaaut
788 1901 830 1940 ex
856 1881 1001 1945 silicibus
1024 1881 1200 1946 ordinariis
1226 1891 1334 1945 struat
1355 1881 1444 1968 bipe-

275 1996 364 2060 dales
390 1998 547 2082 parietes,
581 2005 613 2060 et
645 2019 720 2059 cum
746 1995 796 2058 his
828 1999 916 2060 ansis
947 1999 1062 2064 ferreis
1093 2009 1125 2063 et
1152 1999 1298 2086 plumbo‘
1319 1999 1443 2062 frontes

273 2115 404 2179 vinctae
427 2115 508 2197 sint3
544 2115 591 2177 ita
622 2115 709 2177 enim
737 2135 803 2177 non
831 2117 1028 2197 acervatim,
1059 2116 1119 2179 sed
1148 2117 1263 2179 ordine
1285 2126 1442 2180 structum

275 2253 355 2317 opus
379 2233 499 2318 poterit
520 2254 593 2295 esse
615 2233 684 2294 sinc
705 2232 787 2296 vitio
807 2230 1054 2314 sempiternum,
1083 2233 1170 2318 quod
1192 2234 1316 2298 cubilia
1341 2243 1373 2298 et
1394 2257 1441 2299 co-

233 2379 257 2418 15
276 2359 430 2434 agmenta
456 2373 568 2414 corum
597 2351 682 2412 inter
710 2371 743 2412 se
778 2349 926 2412 sedentia
956 2357 990 2408 et
1025 2349 1185 2414 iuncturis
1214 2351 1352 2437 alligata
1379 2375 1441 2416 non

274 2467 466 2556 protrudent
490 2489 588 2552 opus,
612 2490 718 2553 neque
740 2466 937 2531 orthostatas
956 2464 1045 2528 'inter
1067 2487 1101 2528 se
1121 2469 1275 2553 religatos
1298 2469 1367 2534 labi
1389 2492 1439 2556 pa-

273 2588 406 2650 tientur.

362 2824 392 2881 5.
417 2819 498 2904 (33.)
516 2819 631 2904 Itaque
647 2839 713 2883 non
733 2827 784 2884 est
798 2819 1036 2884 contemnenda
1051 2817 1250 2882 Graecorum
1266 2832 1440 2911 structura3

275 2959 340 3000 non
363 2937 449 2998 enim
473 2944 609 3000 utuntur
632 2959 648 3000 c
671 2936 761 3002 molli
784 2944 950 3000 caemento
970 2935 1088 3022 polita,
1113 2937 1171 3000 sed
1192 2961 1266 3000 cum
1286 2940 1439 3008 discesse-

232 3079 258 3118 20
274 3055 341 3116 rint
370 3077 389 3116 a
415 3055 590 3140 quadrato,
616 3065 741 3142 ponunt
766 3055 805 3118 de
832 3053 923 3117 silice
946 3077 1004 3117 seu
1026 3054 1135 3140 lapide
1165 3055 1244 3119 duro
1269 3057 1438 3142 ordinaria,

275 3182 307 3236 et
334 3174 380 3236 ita
406 3175 455 3234 uti
482 3157 630 3238 latericia
658 3183 818 3258 struentes
849 3173 987 3256 alligant
1018 3193 1129 3234 eorum
1158 3172 1294 3237 alternis
1325 3176 1438 3240 choriis

275 3299 481 3374 coagmenta,
514 3299 545 3354 et
574 3292 621 3354 si'c
651 3293 792 3354 maxime
820 3291 863 3354 ad
890 3292 1118 3354 aeternitatem
1140 3290 1248 3354 firmas
1272 3293 1439 3378 perficiunt

177 3417 190 3488 ᾖ
273 3410 424 3475 virtutes.
469 3407 561 3472 Haec
591 3419 699 3472 autem
731 3409 857 3498 duobus
888 3407 1064 3492 generibus
1094 3417 1280 3493 struuntur3
1317 3433 1359 3473 ex
1393 3412 1437 3474 his

274 3547 375 3587 unum
397 3527 588 3607 isodomum,
610 3526 749 3589 alterum
770 3524 1058 3609 pseudisodomum
1080 3526 1275 3612 appellatur.
1323 3531 1353 3592 6.
1376 3529 1436 3592 Iso-

274 3766 412 3842 structa3
436 3760 740 3845 pseudisodomum,
770 3783 844 3823 cum
869 3763 1010 3845 impares
1039 3769 1071 3822 et
1099 3759 1288 3839 inaequales
1312 3763 1434 3825 ordines

273 3878 456 3941 choriorum
487 3878 683 3963 diriguntur.
751 3877 840 3963 (34.)Ι
869 3877 920 3940 Ea
951 3886 1089 3962 utraque
1121 3885 1197 3940 sunt
1223 3878 1305 3949 ideo
1340 3882 1433 3964 firma,

272 3995 413 4080 primum
444 3996 532 4081 quod
564 3997 636 4081 ipsa
669 4002 839 4059 caementa
867 4003 943 4057 sunt
972 3996 1076 4080 spissa
1103 4004 1136 4058 et
1164 3995 1268 4080 solida
1299 4000 1434 4084 proprie—

274 4120 357 4194 tate,
385 4134 491 4198 neque
515 4112 555 4175 de
574 4112 712 4176 materia
732 4121 871 4199 possunt
893 4135 1054 4197 exsugere
1075 4113 1253 4199 liquorem,
1284 4115 1344 4180 sed
1367 4138 1433 4180 con-

230 4251 257 4294 so
275 4237 409 4293 servant
438 4250 511 4291 eam
537 4229 572 4291 in
601 4251 660 4292 suo
688 4229 822 4294 humore
848 4230 891 4293 ad
920 4251 1079 4292 summam
1095 4240 1323 4315 ¹vetustatem3
1355 4236 1432 4320 ipsa-

274 4363 337 4428 que
360 4364 471 4406 eorum
492 4344 615 4409 cubilia
639 4347 779 4433 primum
798 4344 898 4432 plana
919 4356 951 4410 et
972 4347 1091 4412 librata
1108 4350 1216 4434 posita
1231 4371 1298 4414 non
1312 4354 1431 4436 patiun-

1500 2549 1501 2570 t

232 3665 258 3705 25
275 3641 406 3704 domum
430 3642 564 3725 dicitur,
593 3666 666 3706 cum
690 3642 798 3706 omnia
820 3643 932 3706 choria
954 3665 1058 3728 aequa
1081 3643 1299 3708 crassitudine
1321 3645 1436 3710 suerint
