3028 5164
148 498 151 504 Ι
267 420 329 484 204
767 423 926 484 vrrnuv'n
1043 507 1046 513 Δ

267 588 418 653 habuerit
439 588 640 670 latitudinis,
660 587 797 651 dimidia
812 588 941 671 addita,
966 590 1183 682 constituatur
1206 588 1363 671 altitudo,
1391 590 1464 652 sin

268 716 376 771 autem
403 706 546 792 oblonga
572 707 686 790 fuerit,
714 705 884 790 longitudo
916 713 948 770 et
974 705 1114 770 latitudo
1137 715 1367 791 componatur,
1404 715 1461 789 et,

268 849 395 890 summa
418 826 612 912 composita,
635 826 704 889 eius
730 823 866 888 dimidia
889 846 965 909 pars
991 825 1051 890 sub
1072 823 1250 887 lacunariis
1271 823 1461 889 altitudini

268 941 373 1009 detur.
419 947 447 1012 2.
472 943 647 1007 Praeterea
669 940 907 1028 praecingendi
929 949 1005 1004 sunt
1027 941 1169 1027 parietes
1188 943 1289 1006 medii
1307 944 1457 1008 coronis

236 1085 309 1127 sex
331 1064 486 1126 intestino
507 1083 604 1149 opere
627 1069 683 1123 aut
705 1061 831 1125 albario
850 1060 891 1123 ad
911 1060 1078 1124 dimidiam
1094 1069 1219 1145 partem
1236 1045 1458 1144 altitudinis3

268 1203 351 1268 quae
375 1183 490 1245 sinon
513 1187 624 1261 erunt,
648 1201 716 1242 vox
734 1179 782 1243 ibi
806 1179 1043 1264 disputantium
1066 1177 1152 1242 elata
1173 1180 1209 1243 in
1229 1177 1455 1243 altitudinem

265 1299 447 1363 intellectui
470 1320 535 1362 non
562 1297 682 1383 poterit
709 1318 780 1361 esse
809 1296 1035 1378 audientibus;
1069 1318 1142 1360 cum
1171 1304 1279 1360 autem
1309 1299 1454 1361 coronis

266 1418 445 1504 praecincti
467 1418 610 1503 parietes
633 1422 746 1497 erunt,
769 1436 836 1479 vox
859 1413 902 1476 ab
922 1413 996 1475 imis
1019 1421 1161 1495 morata,
1189 1416 1380 1501 priusquam
1409 1416 1454 1478 in

266 1544 344 1600 aera
366 1536 451 1598 elata
474 1534 704 1621 dissipabitur,
728 1533 863 1597 auribus
887 1532 949 1596 erit
970 1530 1148 1595 intellecta.

224 1821 249 1862 ω
409 1731 413 1736 ’
652 1785 842 1849 onrun
872 1784 930 1848 iv.
956 1783 1049 1870 (ΠΙ.)

354 2013 380 2072 1.
405 2010 489 2094 (18.)
512 2005 595 2070 Cum
618 2006 724 2069 forum
750 2008 961 2071 constitutum
988 2008 1105 2090 fuerit,
1130 2017 1199 2070 tum
1221 2006 1355 2070 deorum
1378 2007 1448 2068 irn-

265 2127 451 2191 mortalium
475 2123 591 2187 diebus
613 2122 706 2186 festis
734 2122 884 2187 ludorum
908 2125 1166 2209 spectationibus
1189 2123 1361 2209 eligendus
1388 2132 1448 2186 est

265 2245 355 2309 locus
378 2243 505 2307 theatro
525 2263 621 2328 quam
643 2241 892 2321 saluberrimus,
921 2243 969 2305 uti
996 2245 1031 2305 in
1057 2245 1162 2328 primo
1184 2240 1268 2305 libro
1291 2241 1331 2304 de
1351 2242 1446 2305 salu-

265 2362 441 2427 britatibus
458 2363 492 2424 in
507 2361 671 2425 moenium
690 2360 957 2425 collocationibus
975 2369 1024 2424 est
1043 2362 1211 2447 scriptum.
1256 2360 1320 2423 Per
1338 2359 1444 2423 ludos

223 2504 246 2544 15
266 2482 352 2545 enim
380 2503 452 2544 eum
485 2479 680 2564 coniugibus
712 2487 743 2542 et
775 2477 889 2542 liberis
917 2479 1129 2565 persedentes
1162 2478 1442 2546 delectationibus

267 2600 470 2680 detinentur,
506 2607 538 2661 et
570 2619 705 2685 corpora
735 2605 867 2684 propter
893 2595 1094 2682 voluptatem
1123 2599 1256 2662 immota
1284 2606 1441 2683 patentes

264 2717 388 2781 habent
408 2739 527 2799 venas,
553 2716 589 2777 in
612 2737 693 2800 quas
723 2715 871 2778 insidunt
898 2737 1051 2779 aurarum
1078 2714 1193 2798 flatuS,
1217 2715 1322 2802 quisi
1345 2737 1365 2778 a
1386 2739 1442 2781 re-

264 2834 417 2918 gionibus
441 2831 641 2919 palustribus
675 2842 731 2896 aut
760 2832 834 2896 aliis
866 2833 1055 2917 regionibus
1085 2834 1215 2897 vitiosis
1245 2833 1440 2918 advenient,

264 2958 419 3015 nocentes
451 2951 583 3036 spiritus
611 2951 801 3038 corporibus
828 2950 1015 3014 infundent.
1071 2950 1188 3037 Itaque
1218 2952 1247 3013 si
1271 2953 1439 3016 curiosius

221 3094 247 3134 ro
265 3067 404 3152 eligetur
432 3067 522 3131 locus
549 3068 691 3151 theatro,
716 3068 910 3134 vitabuntur
937 3068 1028 3132 vitia.
1074 3071 1103 3131 2.
1129 3068 1304 3154 Etiamque
1325 3071 1439 3154 provi-

265 3184 407 3250 dendum
439 3194 502 3268 est,
535 3208 576 3249 ne
608 3187 748 3271 impetus
782 3187 904 3252 habeat
932 3209 952 3251 a
981 3187 1132 3270 meridie3
1167 3187 1215 3250 sol
1244 3189 1329 3250 enim
1359 3210 1438 3252 cum

264 3305 378 3392 implet
411 3305 481 3368 eius
515 3305 764 3387 rotunditatem,
799 3314 855 3369 aer
890 3304 1062 3384 conclusus
1098 3315 1289 3388 curvatura,
1327 3329 1437 3392 neque

264 3425 389 3490 habens
406 3431 600 3510 potestatem
615 3422 779 3508 vagandi,
800 3423 963 3487 versando
984 3422 1218 3506 confervescit,
1242 3433 1274 3486 et
1288 3423 1437 3488 candens

264 3544 374 3608 adurit
400 3543 616 3629 excoquitque
644 3551 676 3606 et
700 3543 866 3606 imminuit
893 3564 910 3605 e
933 3542 1123 3629 corporibus
1145 3542 1308 3607 humores.
1353 3543 1436 3607 Ideo

220 3691 245 3730 rs
263 3664 406 3726 maxime
430 3660 584 3726 vitandae
606 3670 682 3724 sunt
704 3660 755 3724 his
777 3661 876 3724 rebus
899 3660 1038 3725 vitiosae
1059 3661 1229 3744 regiones,
1259 3668 1291 3723 et
1312 3658 1436 3745 eligen-

265 3781 325 3844 dae
349 3779 507 3844 salubres.

268 3911 272 3918 ’
349 3901 379 3961 3.
402 3896 483 3982 (19.)
513 3896 814 3961 Fundamentorum
841 3904 967 3978 autem,
997 3897 1024 3959 si
1052 3897 1087 3959 in
1109 3895 1275 3961 montibus
1298 3896 1434 3980 fuerint,

264 4014 392 4079 facilior
416 4016 477 4077 erit
499 4015 597 4097 ratio,
621 4014 680 4078 sed
704 4016 731 4077 si
753 4016 930 4078 necessitas
953 4018 1098 4100 coegerit
1119 4017 1154 4078 in
1176 4013 1273 4102 plano
1296 4023 1353 4078 aut
1375 4037 1433 4100 pa·

263 4134 358 4198 lustri
373 4132 444 4197 loco
462 4153 500 4195 ea
519 4133 686 4215 constitui,
711 4133 922 4197 solidationes
942 4133 1262 4219 substructionesque
1277 4135 1324 4196 ita
1338 4144 1435 4198 erunt

221 4277 246 4319 so
264 4251 449 4331 faciendae,
473 4250 744 4336 quemadmodum
772 4251 812 4314 de
841 4251 1086 4317 fundationibus
1116 4250 1246 4314 aedium
1266 4273 1435 4316 sacrarum

264 4369 299 4430 in
320 4367 417 4430 tertio
439 4366 523 4432 libro
543 4374 593 4431 est
617 4369 784 4452 seriptum.
