3008 5162
251 406 293 468 72
752 417 910 464 vrruuvu

339 576 367 634 1.
393 571 475 656 (18.)
499 569 562 634 Est
584 578 692 633 autem
716 570 751 632 in
773 569 937 656 Hispania
957 569 1112 634 ulteriore
1140 570 1258 634 civitas
1277 567 1437 632 Maxilua

254 698 286 754 et
307 690 342 752 in
365 686 511 752 Gallaeis
536 695 567 750 et
589 685 728 751 in'Asia
752 687 887 772 Pitane,
913 687 971 751 ubi
992 685 1112 752 lateres
1136 709 1209 752 cum
1232 695 1311 751 sunt
1343 687 1437 750 ducti

185 889 187 896 Α
253 815 286 872 et
308 805 456 890 arefacti,
479 805 617 892 proiecti
639 813 755 869 natant
774 806 810 869 in
830 828 925 893 aqua.
971 805 1095 869 Natare
1117 813 1226 869 autem
1248 828 1306 871 eos
1332 828 1436 892 posse

252 927 327 990 ideo
348 924 497 1007 videtur,
528 924 615 1012 quod
643 931 731 990 terra
758 933 807 988 est
834 924 874 988 de
897 947 962 1012 qua
984 923 1148 988 ducuntur
1168 925 1365 1012 pumicosa;
1392 925 1437 986 ita

221 1063 328 1110 tcum
349 1052 399 1108 est
419 1042 519 1126 levis,
546 1053 622 1108 ae're
652 1044 791 1108 solidata
817 1065 884 1107 non
905 1044 1023 1131 recipit
1044 1042 1079 1106 in
1103 1066 1151 1126 se,
1183 1066 1244 1108 nec
1267 1043 1437 1110 combibit

253 1162 423 1249 liquorem.
469 1159 576 1246 Igitur
600 1161 667 1227 levi
689 1184 830 1248 raraque
857 1183 931 1226 cum
959 1163 1024 1225 sint
1046 1162 1261 1249 proprietate,
1286 1185 1354 1226 nec
1381 1183 1435 1247 pa-

252 1282 377 1344 tiantur
399 1286 571 1365 penetrare
594 1281 630 1344 in
656 1302 772 1367 corpus
799 1279 967 1344 humidam
992 1284 1202 1363 potestatem,
1231 1289 1436 1365 quocunque

253 1399 396 1486 pondere
425 1397 564 1480 fuerint,
594 1408 756 1485 coguntur
782 1397 824 1462 ab
850 1419 960 1461 rerum
987 1405 1122 1480 natura,
1151 1397 1435 1483 quemadmodum

253 1540 384 1603 pumex,
406 1518 454 1580 uti
476 1517 517 1581 ab
538 1537 624 1604 aqua
644 1519 877 1581 sustineantur.
924 1515 979 1579 Sic
1002 1524 1112 1579 autem
1133 1538 1272 1600 magnas
1303 1516 1434 1580 habent

210 1635 422 1717 inutilitates,
448 1636 535 1721 quod
556 1658 662 1722 neque
681 1637 716 1699 in
734 1632 1018 1699 aedificationibus
1038 1642 1114 1697 sunt
1134 1636 1273 1718 onerosi,
1300 1643 1334 1699 et
1357 1656 1433 1698 cum

254 1753 429 1835 ducuntur,
453 1775 473 1815 a
497 1753 748 1838 tempestatibus
770 1774 837 1816 non
860 1743 1095 1816 dissolvuntur.

690 2035 898 2101 CAPUT
930 2037 991 2102 IV.

342 2243 369 2303 1.
394 2240 475 2327 (19.)
499 2237 540 2302 In
561 2239 782 2303 caementiciis
811 2246 920 2302 autem
948 2241 1120 2304 structuris
1145 2241 1286 2326 primum
1316 2249 1367 2305 est
1389 2241 1429 2304 de

254 2356 377 2422 harena
400 2358 633 2448 quaerendum,
656 2365 693 2420 ut
712 2379 751 2420 ea
771 2359 814 2421 sit
831 2357 951 2442 idonea
969 2358 1011 2422 ad
1028 2359 1196 2422 materiem
1212 2359 1428 2436 miscendam,
1491 2399 1492 2422 t

210 2505 236 2548 15
254 2499 360 2564 neque
391 2476 512 2542 habeat
544 2486 665 2542 terram
698 2478 920 2541 commixtam.
975 2475 1108 2540 Genera
1140 2485 1249 2540 autem
1282 2477 1427 2542 harenae
1491 2457 1492 2466 ἵ

254 2597 407 2660 fossiciae
430 2604 506 2658 sunt
527 2595 623 2658 haec:
647 2597 752 2680 nigra,
779 2615 871 2675 cana,
887 2594 996 2676 rubra,
1013 2595 1243 2659 carbunculus.
1288 2595 1346 2659 Ex
1365 2596 1426 2676 his,
1491 2665 1492 2676 χ

254 2715 393 2800 quaein
412 2735 512 2775 manu
533 2713 713 2776 confricata
733 2713 848 2776 fecerit
869 2712 1056 2795 stridorem,
1087 2714 1149 2777 erit
1172 2715 1310 2800 optima;
1343 2713 1426 2802 quae
1491 2791 1492 2796 η

253 2839 362 2893 autem
388 2839 514 2893 terrosa
544 2829 659 2913 fuerit,
694 2853 759 2895 non
789 2830 924 2895 habebit
953 2831 1175 2915 asperitatem.
1220 2832 1304 2896 Item
1334 2835 1364 2896 si
1392 2834 1425 2895 in
1491 2827 1492 2832 ¹

252 2948 483 3010 vestimentum
505 2947 682 3011 candidum
704 2969 743 3011 ea
766 2950 913 3012 coniecta
933 2949 1050 3031 fuerit,
1073 2958 1188 3034 postea
1209 2973 1353 3016 excussa
1374 2951 1427 3015 vel
1491 2949 1492 2972 ³

208 3091 234 3132 co
253 3066 357 3128 eiecta
384 3065 419 3128 id
446 3087 512 3130 non
539 3067 778 3153 inquinaverit,
815 3089 921 3152 neque
949 3064 997 3130 ibi
1017 3075 1106 3132 terra
1133 3069 1333 3152 subsiderit,
1363 3071 1425 3134 erit

252 3181 382 3244 idonea.

337 3303 366 3364 2.
399 3300 457 3364 sin
482 3310 592 3366 autern
613 3325 678 3367 non
699 3303 762 3365 erit
784 3301 973 3386 harenaria,
999 3303 1086 3366 unde
1108 3301 1269 3386 fodiatur,
1292 3311 1364 3368 tum
1384 3305 1423 3368 de

250 3417 439 3482 fluminibus
462 3428 519 3482 aut
541 3441 558 3482 e
579 3419 690 3503 glarea
707 3408 769 3484 erit
791 3419 1015 3501 excernenda,
1039 3442 1105 3484 non
1126 3420 1235 3484 minus
1258 3423 1359 3485 etiam
1383 3423 1421 3486 de

251 3537 357 3601 littore
377 3537 520 3619 marino,
544 3537 603 3600 sed
624 3549 663 3600 ea
685 3538 719 3600 in
745 3540 916 3602 structuris
940 3538 1021 3602 haec
1040 3537 1139 3601 habet
1161 3539 1257 3602 vitia:
1282 3539 1422 3603 difficul-

207 3681 233 3720 25
251 3663 301 3718 ter
323 3657 482 3732 siccescit,
504 3677 610 3741 neque
633 3659 762 3721 onerari
786 3680 820 3722 se
843 3658 1046 3722 continenter
1068 3657 1176 3742 paries
1200 3658 1335 3743 patitur,
1359 3658 1423 3721 nisi

251 3773 548 3838 intermissionibus
562 3776 755 3860 requiescat,
771 3798 877 3863 neque
893 3776 1191 3839 concamerationes
1203 3776 1331 3862 recipit.
1355 3775 1423 3838 Ma-

249 3893 322 3956 rina
337 3899 453 3956 ‘autem
471 3891 532 3957 hoc
554 3895 711 3979 amplius,
733 3895 820 3981 quod
840 3895 938 3958 etiam
957 3893 1120 3981 parietes,
1150 3914 1224 3956 cum
1249 3895 1283 3956 in
1305 3892 1357 3957 his
1377 3903 1422 3958 te-

251 4010 354 4074 ctoria
375 4009 463 4074 facta
484 4009 617 4095 fuerint,
640 4013 842 4077 remittentes
863 4011 1064 4097 salsuginem
1086 4033 1126 4075 ea
1144 4010 1341 4077 dissolvunt.

335 4132 365 4192 3.
389 4127 470 4216 (20.)
493 4130 664 4195 Fossiciae
684 4153 763 4196 vero
792 4130 941 4195 celeriter
967 4130 1003 4193 in
1031 4131 1202 4194 structuris
1227 4131 1421 4213 siccescunt,

207 4269 233 4310 so
251 4253 283 4308 et
302 4248 439 4311 tectoria
460 4257 666 4334 permanent,
690 4258 723 4314 et
741 4249 1041 4314 concamerationes
1063 4249 1249 4336 patiuntur,
1279 4248 1337 4312 sed
1359 4247 1421 4312 hae
1452 4245 1456 4254 ’

251 4383 336 4450 quae
359 4370 434 4428 sunt
457 4366 497 4429 de
518 4367 700 4432 harenariis
722 4375 882 4432 recentes.
927 4365 963 4430 Si
988 4367 1074 4429 enim
1100 4374 1271 4452 exemptae
1297 4364 1420 4430 diutius
