3008 5162
262 460 302 520 76
764 470 923 516 virnnvn

260 625 404 690 hementi
429 625 558 689 fervore
583 632 732 710 correpta
756 623 925 687 amiserint
946 622 1105 709 pristinae
1131 623 1309 688 soliditatis
1338 626 1436 688 virtu-

260 755 337 826 tem,
361 751 440 808 tunc
462 743 589 806 exustis
609 750 707 828 atque
729 741 899 806 exhaustis
921 763 1032 806 eorum
1055 741 1182 805 viribus
1203 741 1437 828 relinquuntur

261 862 449 951 patentibus
472 860 690 925 foraminibus
714 866 745 923 et
766 860 930 925 inanibus.
974 861 1064 945 Ergo
1093 861 1218 949 liquor,
1248 863 1307 950 qui
1334 863 1436 925 estin

262 985 333 1047 eius
355 980 475 1067 lapidis
497 1001 643 1066 corpore,
663 987 696 1043 et
717 987 774 1042 aer
792 1001 866 1042 cum
885 989 1021 1044 exustus
1042 989 1075 1046 et
1096 991 1227 1068 ereptus
1251 981 1368 1062 fuerit,
1387 980 1437 1042 he-

231 1101 434 1185 sbueritque
458 1099 493 1162 in
516 1120 550 1160 se
568 1097 736 1162 residuum
759 1097 901 1163 calorem
921 1099 1088 1181 latentem,
1107 1100 1266 1163 intinctus
1293 1102 1331 1164 in
1356 1119 1436 1186 aqua

261 1220 452 1306 priusquam
482 1215 644 1280 exstincto
671 1218 743 1302 igni
768 1217 836 1282 vim
861 1219 994 1304 recipit,
1023 1217 1158 1282 humore
1186 1226 1386 1306 penetrante
1407 1218 1437 1280 in

263 1337 459 1401 foraminum
477 1334 629 1402 raritates
652 1333 881 1419 confervescit,
905 1345 938 1400 et
959 1338 1007 1400 ita
1026 1335 1241 1422 refrigeratus
1262 1337 1378 1401 reiicit
1400 1357 1437 1398 ex

263 1456 363 1521 calcis
396 1479 531 1544 corpore
563 1457 737 1520 fervorem.
782 1457 812 1518 3.
842 1453 923 1518 Ideo
951 1463 1060 1518 autem
1090 1477 1153 1541 quo
1182 1454 1329 1540 pondere
1356 1475 1435 1518 saxa

265 1578 485 1640 coniiciuntur
510 1577 545 1639 in
568 1575 745 1657 fornacem,
765 1594 838 1637 cum
865 1574 1063 1655 eximuntur,
1086 1596 1152 1638 non
1172 1583 1314 1660 possunt
1338 1573 1384 1637 ad
1405 1574 1435 1636 id

221 1716 245 1757 ro
264 1694 481 1780 respondere3
513 1694 571 1757 sed
598 1715 672 1756 cum
695 1692 940 1778 expenduntur,
967 1700 1178 1778 permanente
1205 1714 1244 1756 ea
1269 1694 1434 1778 magnitu-

267 1812 359 1893 dine,
386 1819 522 1874 excocto
545 1811 671 1896 liquore
693 1811 823 1873 circiter
843 1811 941 1873 tertia
962 1819 1055 1896 parte
1082 1811 1237 1897 ponderis
1260 1811 1435 1874 imminuta

265 1950 337 1992 esse
352 1929 577 1992 inveniuntur.
615 1926 723 2012 Igitur
737 1950 810 1991 cum
823 1937 937 2014 patent
954 1928 1115 1992 foramina
1137 1951 1250 1992 eorum
1272 1939 1307 1992 et
1322 1931 1435 1994 rarite·

262 2054 327 2127 tes,
352 2043 495 2108 harenae
517 2044 709 2108 mixtionem
729 2046 765 2109 in
788 2068 823 2110 se
847 2047 1041 2133 corripiunt,
1065 2056 1098 2111 et
1119 2048 1166 2110 ita
1188 2047 1433 2126 cohaerescunt,

264 2159 538 2248 siccescendoque
554 2185 628 2226 cum
646 2165 822 2228 caementis
846 2172 974 2248 coe'unt,
988 2172 1020 2228 et
1032 2164 1179 2228 efficiunt
1198 2172 1431 2230 structurarum

220 2304 244 2344 rs
266 2280 473 2347 soliditatem.
803 2265 820 2278 '⁸

709 2468 903 2536 CAPUT
940 2470 999 2534 VI.

350 2644 378 2704 1.
399 2640 480 2728 (23.)
504 2639 565 2702 Est
587 2641 685 2703 etiam
707 2660 811 2724 genus
832 2638 989 2726 pulveris,
1013 2640 1100 2726 quod
1122 2640 1224 2704 efficit
1241 2611 1433 2707 naturaliter

264 2779 317 2820 res
340 2756 560 2820 admirandas.
605 2756 761 2821 Nascitur
787 2759 822 2822 in
850 2758 1041 2844 regionibus
1064 2757 1200 2820 Baianis
1231 2761 1323 2823 etin
1345 2758 1430 2846 agris
1479 2845 1481 2850 Ι

263 2874 536 2971 municipiorum„
550 2897 634 2962 quae
654 2883 729 2939 sunt
748 2876 836 2939 circa
854 2875 1036 2941 Vesuvium
1056 2884 1216 2959 montem3
1239 2876 1331 2963 quod
1350 2899 1430 2941 com·
1489 2881 1490 2888 ’

219 2992 402 3056 remixtum
424 3013 498 3054 cum
528 2991 617 3056 calce
646 3002 678 3057 et
706 3003 874 3058 caemento
906 3016 973 3058 non
1001 2992 1098 3058 modo
1129 2995 1245 3058 ceteris
1273 2995 1430 3060 aedificiis

263 3117 408 3196 praestat
428 3109 630 3194 firmitatem,
662 3111 720 3175 sed
745 3112 844 3174 etiam
867 3111 968 3176 moles
996 3133 1070 3176 cum
1093 3120 1263 3176 struuntur
1283 3115 1318 3176 in
1339 3113 1428 3190 mari,

265 3229 324 3293 sub
352 3251 438 3315 aqua
466 3230 676 3294 solidescunt.
721 3229 794 3294 Hoc
818 3239 927 3294 autem
954 3229 1026 3294 fieri
1051 3227 1113 3293 hac
1139 3233 1266 3296 ratione
1289 3231 1428 3311 videtur,

263 3347 351 3434 quod
371 3348 432 3412 sub
455 3348 505 3412 his
528 3348 693 3413 montibus
719 3355 751 3412 et
768 3357 874 3413 terrae
897 3349 1062 3414 ferventes
1085 3358 1161 3413 sunt
1181 3358 1213 3413 et
1234 3351 1344 3416 fontes
1367 3372 1429 3415 cre-

263 3468 329 3549 bri,
345 3469 401 3553 qui
424 3489 490 3531 non
513 3476 637 3550 essent,
666 3469 695 3531 si
716 3490 782 3532 non
808 3468 930 3531 inimo
957 3468 1116 3534 haberent
1144 3477 1200 3532 aut
1228 3491 1245 3532 e
1276 3467 1427 3556 sulphure

219 3607 245 3647 25
263 3595 318 3648 aut
341 3585 485 3650 alumine
517 3592 572 3647 aut
604 3584 765 3649 bitumine
798 3585 951 3650 ardentes
978 3586 1139 3650 maximos
1167 3587 1273 3670 ignes.
1325 3588 1428 3673 Igitur

262 3704 393 3788 penitus
422 3703 509 3787 ignis
533 3711 565 3767 et
592 3703 742 3768 flammae
764 3726 867 3790 vapor
892 3725 952 3789 per
972 3703 1158 3767 intervenia
1181 3727 1379 3789 permanans
1400 3713 1428 3768 et

262 3820 380 3884 ardens
416 3820 517 3885 efficit
546 3820 653 3885 levem
682 3843 753 3886 eam
780 3830 918 3905 terram,
955 3829 987 3886 et
1012 3820 1060 3884 ibi
1089 3821 1144 3908 qui
1175 3823 1322 3886 nascitur
1343 3823 1426 3888 tofus

262 3961 425 4023 exurgens
444 3947 493 4002 est
509 3939 579 4003 sine
595 3939 732 4026 liquore.
777 3931 867 4026 Ergo
884 3921 957 4003 cum
968 3948 1035 4003 tres
1052 3961 1105 4003 res
1127 3939 1290 4004 consimili
1304 3915 1427 4006 ratione

261 4058 347 4143 ignis
378 4057 585 4123 vehementia
610 4057 769 4122 formatae
796 4059 832 4122 in
861 4079 959 4121 unam
987 4058 1200 4143 pervenerint
1225 4057 1425 4140 mixtionem,
1488 4059 1489 4106 ἒ

219 4183 393 4261 rerepente
414 4173 543 4261 rdcepto
565 4175 691 4262 liquore
711 4199 778 4240 una
798 4176 1047 4257 cohaerescunt,
1070 4183 1101 4238 et
1124 4173 1274 4239 celeriter
1294 4175 1426 4241 humore

263 4292 400 4356 duratae
420 4292 620 4389 solidantur,
646 4316 753 4380 neque
774 4317 830 4360 eas
855 4295 973 4359 fluctus
995 4315 1101 4378 neque
1121 4293 1172 4356 vis
1195 4313 1301 4379 aquae
1323 4301 1427 4380 potest

263 4406 452 4474 dissolvere.
