3006 5170
249 435 290 496 62
748 447 908 495 vrrnuvn

248 621 408 665 casarum.
453 606 482 666 3.
511 601 593 666 Ourn
623 610 733 665 essent
759 609 868 663 autem
898 600 1049 664 homines
1078 598 1234 663 imitabili
1257 597 1435 682 docilique

248 728 374 801 natura,
395 719 540 804 quotidie
561 719 807 784 inventionibus
826 717 1004 802 gloriantes
1024 716 1108 780 alius
1128 715 1185 781 alii
1201 714 1436 779 ostendebant

248 834 471 900 aedificiorum
493 837 645 920 effectus3
669 819 705 900 'et
737 838 785 900 ita
814 843 1003 900 exercentes
1026 834 1161 919 ingenia
1183 831 1435 897 certationibus

249 952 373 1016 indies
395 954 585 1018 melioribus
609 954 739 1018 iudiciis
763 953 1001 1018 efficiebantur.

220 1136 233 1175 5
335 1103 395 1191 (6.)
418 1103 628 1190 Primumque
647 1106 747 1169 furcis
770 1104 887 1169 erectis
909 1111 941 1167 et
961 1103 1102 1186 virgulis
1123 1104 1330 1188 interpositis
1355 1103 1434 1167 luto

247 1223 389 1308 parietes
415 1231 579 1287 texerunt.
628 1222 696 1286 Alii
724 1222 829 1286 luteas
857 1221 970 1306 glebas
1005 1221 1220 1286 arefacientes
1250 1222 1436 1287 struebant

247 1340 405 1425 parietes,
438 1341 576 1405 materia
603 1362 658 1426 eos
685 1342 949 1424 iugumentantes
956 1389 965 1423 ,
999 1338 1199 1425 vitandoque
1230 1338 1360 1402 imbres
1397 1349 1434 1402 et

248 1466 358 1521 aestus
380 1458 536 1542 tegebant
553 1457 795 1521 harundinibus
817 1465 851 1521 et
879 1457 1006 1522 fronde.
1051 1457 1268 1544 Posteaquam
1292 1479 1356 1542 per
1378 1457 1434 1520 hi-

245 1575 365 1641 bernas
384 1583 594 1661 tempestates
618 1583 704 1640 tecta
724 1597 789 1640 non
810 1583 985 1661 potuerunt
1012 1573 1132 1638 imbres
1161 1575 1344 1658 sustinere,
1378 1576 1433 1638 fa-

206 1717 232 1759 ro
249 1696 348 1778 stigia
365 1693 524 1756 facientes
548 1692 614 1756 luto
634 1693 778 1775 inducto,
801 1692 992 1777 proclinatis
1014 1692 1109 1755 tectis
1130 1689 1300 1754 stillicidia
1322 1691 1431 1755 dedu-

247 1813 376 1875 cebant.
421 1815 451 1874 4.
476 1811 535 1896 (7.)
560 1810 651 1874 Haec
674 1821 783 1875 autem
806 1832 848 1873 cx
869 1797 920 1891 iis,
944 1831 1027 1895 quae
1048 1829 1148 1895 supra
1169 1811 1313 1896 scriptae
1335 1818 1432 1892 sunt,
1500 1899 1501 1908 ἵ

246 1927 429 2012 originibus
457 1926 607 1991 instituta
629 1950 718 2010 esse,
751 1950 926 2013 possumus
955 1929 1002 1990 sic
1022 1926 1303 2011 animadvertere,
1334 1930 1432 2016 quod

248 2044 289 2108 ad
315 2044 402 2108 hunc
430 2045 516 2108 diem
536 2041 725 2110 nationibus
753 2047 874 2108 exteris
904 2067 946 2109 ex
973 2044 1024 2107 his
1047 2044 1146 2108 rebus
1170 2045 1323 2110 aedificia
1347 2069 1430 2111 con·
1499 2083 1501 2130 l

210 2196 212 2200 ·
248 2164 436 2246 stituuntur,
460 2164 544 2226 utin
561 2163 683 2247 Gallia,
705 2163 878 2251 Hispania,
894 2163 1077 2245 Lusitania,
1095 2161 1287 2249 Aquitania,
1304 2173 1429 2250 tegun-

207 2306 232 2346 ιε
246 2291 362 2369 turque
384 2281 549 2347 scandulis
572 2281 733 2348 robusteis
755 2291 811 2344 aut
835 2285 1031 2346 stramentis.

332 2435 433 2524 Apud
465 2437 631 2498 nationem
664 2433 861 2501 Colchorum
891 2436 926 2498 in
959 2435 1063 2500 Ponto
1095 2443 1228 2521 propter
1260 2433 1428 2498 silvarum

248 2555 484 2620 abundantiam
505 2553 678 2618 arboribus
706 2554 871 2641 perpetuis
901 2553 1007 2640 planis
1030 2554 1149 2617 dextra
1170 2574 1208 2615 ac
1230 2552 1369 2615 sinistra
1393 2555 1429 2616 in

247 2683 335 2738 terra
356 2674 489 2759 positis,
513 2674 618 2758 spatio
641 2673 800 2736 intereas
825 2672 939 2735 relicto
962 2680 1119 2757 quantum
1139 2671 1291 2734 arborum
1314 2668 1428 2754 longi·

248 2793 378 2855 tudines
412 2791 596 2876 patiuntur,
638 2789 838 2854 collocantur
868 2791 903 2852 in
936 2791 1090 2854 extremis
1123 2789 1272 2877 partibus
1305 2810 1427 2851 earum

204 2931 230 2972 20
249 2931 347 2995 supra
380 2907 502 2971 alterae
530 2915 754 2993 transversae,
782 2930 864 2996 quae
892 2907 1153 2971 circumcludunt
1175 2907 1317 2970 medium
1346 2928 1427 2992 spa-

247 3027 329 3089 tium
352 3023 580 3108 habitationis3
611 3034 679 3088 turn
706 3028 841 3113 insuper
870 3027 1004 3090 alternis
1032 3024 1181 3089 trabibus
1209 3048 1251 3089 ex
1277 3033 1428 3111 quatuor

247 3142 397 3230 partibus
420 3143 558 3228 angulos
580 3146 855 3230 iugumentantes,
878 3153 911 3209 et
930 3149 977 3212 ita
998 3147 1139 3232 parietes
1162 3145 1333 3220 arboribus
1352 3155 1427 3210 sta-

247 3269 375 3325 tuentes
396 3261 449 3352 ,ad
484 3247 754 3348 perpendiculum
789 3264 927 3327 imarum
959 3263 1104 3328 educunt
1133 3263 1178 3327 'ad
1210 3263 1426 3328 altitudinem

247 3389 364 3463 turreS,
386 3380 633 3466 intervallaque,
657 3401 741 3465 quae
763 3380 994 3468 relinquuntur
1015 3390 1148 3468 propter
1168 3380 1424 3445 crassitudinem

203 3520 229 3561 25
247 3499 420 3580 materiae,
448 3497 584 3561 schidiis
611 3507 643 3560 et
671 3497 739 3561 luto
763 3497 946 3562 obstruunt.
989 3498 1072 3562 Item
1101 3508 1204 3583 tecta,
1233 3497 1423 3563 recidentes

247 3615 290 3679 ad
313 3623 474 3680 extremos
497 3617 638 3701 parietes
661 3623 820 3698 transtra,
848 3617 1016 3680 traiiciunt
1037 3617 1199 3703 gradatim
1226 3617 1424 3682 contrahen-

246 3742 312 3816 tes3
336 3742 368 3796 et
390 3735 436 3797 ita
459 3756 501 3797 ex
520 3742 658 3819 quatuor
676 3733 824 3820 partibus
847 3734 891 3798 ad
913 3734 1121 3799 altitudinem
1142 3735 1287 3800 educunt
1307 3736 1423 3802 medio

247 3861 361 3934 metas,
384 3873 465 3939 quas
488 3851 604 3916 fronde
628 3861 660 3917 et
691 3853 759 3917 luto
788 3860 936 3937 tegentes
963 3851 1111 3917 efficiunt
1132 3853 1305 3918 barbarico
1328 3876 1423 3919 more

245 3971 448 4034 testudinata
466 3970 605 4033 turrium
627 3978 724 4034 tecta.
777 4021 781 4028 .

200 4156 226 4198 ao
331 4144 361 4202 5.
386 4137 446 4222 (8.)
469 4136 618 4222 Phryges
641 4159 735 4220 vero,
766 4139 821 4224 qui
845 4139 1083 4225 campestribus
1111 4137 1193 4204 locis
1222 4147 1299 4202 sunt
1326 4138 1423 4205 habi·

245 4264 364 4338 tantes,
380 4263 512 4341 propter
530 4256 674 4340 inopiam
691 4255 849 4320 silvarum
864 4264 998 4340 egentes
1013 4257 1151 4319 materia
1167 4257 1294 4340 eligunt
1312 4265 1422 4322 tumu-

245 4371 294 4436 los
324 4370 506 4452 naturales,
526 4393 660 4455 eosque
691 4372 816 4438 medios
849 4373 980 4437 fossura
1012 4374 1205 4437 distinentes
1235 4382 1267 4438 ct
1298 4374 1424 4440 itinera
