3006 5170
252 444 291 506 58
761 455 918 502 vrrnuvrr

253 613 369 698 inquit,
393 609 526 674 attendo
542 611 705 696 egregiam
720 608 844 672 formae
863 610 1132 694 compositionem
1152 619 1185 674 et
1205 631 1246 672 ea
1263 609 1453 689 delector3

254 730 311 794 sed
332 729 572 811 animadverto,
592 728 620 790 si
639 728 710 813 quis
733 725 907 790 deduxerit
929 748 966 791 so
989 725 1053 790 loci
1075 727 1254 812 coloniam,
1280 728 1393 811 fore,
1420 740 1453 792 ut

252 847 410 911 iudicium
434 845 503 909 eius
525 847 735 930 vituperetur.
780 843 825 907 Ut
853 844 938 907 enim
961 854 1057 908 natus
1083 845 1193 909 infans
1221 847 1301 910 sine
1338 848 1454 910 nutri-

254 968 301 1031 cis
331 967 416 1029 lacte
443 987 508 1027 non
536 971 643 1050 potest
668 963 726 1045 ali,
760 984 865 1049 neque
896 961 940 1025 ad
972 949 1061 1028 vitae
1090 964 1272 1028 crescentis
1307 965 1453 1048 gradus

226 1084 400 1171 sperduci,
424 1083 471 1146 sic
489 1083 606 1146 civitas
626 1082 693 1145 sine
711 1082 800 1166 agris
823 1089 855 1143 ct
876 1103 988 1144 eorum
1010 1081 1173 1146 fructibus
1195 1083 1231 1147 in
1250 1083 1452 1148 moenibus
1501 1098 1502 1153 l

255 1201 467 1266 affluentibus
491 1222 555 1263 non
577 1208 683 1286 potest
701 1221 857 1281 crescere,
880 1221 942 1262 nec
964 1200 1034 1262 sine
1051 1199 1257 1263 abundantia
1275 1200 1362 1264 cibi
1387 1200 1452 1263 fre-

256 1320 422 1406 quentiam
443 1317 564 1381 habere
586 1315 803 1404 populumque
824 1318 894 1380 sine
913 1318 1008 1403 copia
1030 1317 1126 1380 tueri.
1170 1315 1293 1402 Itaque
1323 1341 1453 1404 quem-

255 1435 430 1500 admodum
452 1436 678 1500 formationem
697 1443 777 1518 puto
793 1434 1007 1521 probandam,
1031 1434 1079 1496 sic
1100 1433 1210 1496 iudico
1232 1433 1362 1497 locum
1392 1436 1453 1497 im-

254 1553 475 1640 probandum3
507 1561 603 1638 teque
631 1553 701 1619 volo
735 1575 807 1616 esse
840 1575 984 1634 mecum,
1020 1550 1108 1638 quod
1137 1560 1196 1614 tua
1220 1572 1333 1636 opera
1374 1573 1453 1614 sum

212 1697 238 1736 ro
255 1676 385 1735 usurus.
437 1677 467 1733 4.
496 1671 550 1732 Ex
579 1693 615 1734 eo
643 1670 839 1734 Dinocrates
867 1670 909 1734 ab
937 1692 1014 1753 rege
1041 1691 1107 1734 non
1133 1668 1304 1751 discessit,
1342 1679 1385 1733 et
1416 1670 1451 1732 in

255 1789 445 1873 Aegyptum
470 1795 518 1850 est
542 1809 614 1850 eum
633 1796 835 1874 prosecutus.
881 1788 934 1852 Ibi
960 1782 1153 1851 Alexarider
1181 1809 1252 1850 cum
1275 1787 1450 1850 animad-

253 1907 407 1968 vertisset
428 1913 555 1991 portum
578 1905 770 1969 naturaliter
790 1913 906 1988 tutum,
930 1907 1110 1993 emporium
1131 1906 1317 1989 egregium,
1350 1929 1449 1970 cam—

254 2044 314 2107 pos
344 2021 433 2084 circa
463 2029 564 2086 totam
597 2025 785 2110 Aegyptum
813 2022 1060 2103 frumentarios,
1096 2023 1248 2085 immanis
1275 2022 1447 2088 fluminis

255 2138 324 2202 Nili
346 2161 482 2224 magnas
503 2140 677 2223 utilitates,
708 2143 802 2205 iussit
825 2164 898 2206 eum
922 2164 980 2206 suo
1000 2141 1131 2205 nomine
1155 2140 1330 2206 civitatem
1359 2143 1446 2206 Ale-

214 2278 238 2318 15
254 2258 429 2322 xandriam
464 2260 669 2324 constituere.
724 2259 775 2324 Ita
807 2260 1002 2326 Dinocrates
1034 2280 1054 2320 a
1079 2258 1166 2322 facie
1197 2257 1444 2348 dignitateque
1501 2274 1502 2293 ¹

255 2379 399 2464 corporis
433 2377 692 2460 commendatus,
720 2378 763 2442 ad
790 2401 861 2442 eam
894 2377 1100 2442 nobilitatem
1132 2378 1295 2462 pervenit.
1347 2379 1443 2442 Mihi

169 2489 181 2504 ⁸
255 2506 381 2581 autem,
415 2496 613 2582 Imperator,
647 2505 803 2560 staturam
826 2519 893 2561 non
913 2496 1029 2560 tribuit
1051 2505 1185 2578 natura,
1220 2494 1347 2558 faciem
1385 2497 1441 2560 de-

255 2614 411 2680 formavit
433 2622 541 2694 aetas,
565 2612 717 2677 valetudo
744 2614 888 2678 detraxit
914 2613 1011 2678 vires.
1057 2612 1173 2698 Itaque
1203 2613 1370 2698 quoniam
1396 2613 1440 2677 ab

254 2732 305 2796 his
324 2730 500 2818 praesidiis
525 2751 597 2793 sum
620 2730 784 2813 desertus,
813 2753 872 2816 per
893 2730 1018 2794 auxilia
1042 2709 1200 2794 scientias
1223 2730 1439 2818 scriptaque,

212 2875 237 2914 ro
254 2857 290 2912 ut
310 2871 414 2935 spero,
436 2850 625 2933 perveniam
647 2848 691 2912 ad
712 2850 1035 2916 commendationem.

341 3087 370 3147 5.
395 3083 454 3170 (3.)
485 3085 570 3149 Cum
590 3095 697 3150 autem
718 3087 822 3172 primo
843 3086 1010 3152 volumine
1031 3085 1072 3150 de
1095 3085 1203 3152 officio
1229 3083 1439 3152 architectu-

254 3223 311 3266 rae
332 3203 679 3288 terminationibusque
701 3205 780 3266 artis
800 3204 1058 3296 perscripserim,
1085 3203 1164 3266 item
1187 3202 1227 3267 de
1248 3203 1438 3269 moenibus

255 3329 287 3384 et
308 3321 395 3383 intra
415 3321 544 3383 moenia
565 3342 713 3384 arearum
736 3320 970 3403 divisionibus,
1002 3322 1256 3407 insequaturque
1279 3319 1365 3385 ordo
1392 3323 1437 3385 de

255 3437 392 3502 aedibus
423 3438 523 3500 sacris
551 3445 583 3501 et
604 3437 744 3524 publicis
768 3438 927 3502 aedificiis
949 3440 1093 3524 itemque
1115 3440 1269 3525 privatis,
1300 3439 1434 3526 quibus

211 3587 237 3626 25
254 3556 519 3643 proportionibus
546 3563 578 3618 et
607 3556 803 3639 symmetriis
840 3555 981 3620 debeant
1014 3577 1086 3620 esse
1121 3557 1169 3618 uti
1199 3555 1435 3642 explicentur3

254 3697 319 3740 non
342 3675 456 3761 putavi
482 3673 760 3759 anteponendum,
788 3673 852 3738 nisi
878 3673 970 3758 prius
1000 3671 1040 3736 de
1068 3675 1225 3737 materiae
1251 3671 1378 3758 copiis,
1417 3697 1435 3738 e

253 3792 372 3880 quibus
393 3791 519 3855 collatis
541 3789 691 3854 aedificia
713 3791 885 3855 structuris
914 3798 946 3854 et
968 3790 1125 3854 materiae
1145 3789 1327 3853 rationibus
1348 3811 1435 3875 per-

253 3909 416 3990 ficiuntur,
439 3929 520 3994 quas
543 3907 686 3972 habeant
709 3909 743 3971 in
761 3929 824 3971 usu
841 3909 998 3992 virtutes,
1023 3910 1266 3994 exposuissem,
1288 3904 1436 3992 quibus·

255 4048 318 4113 que
337 4048 444 4089 rerum
467 4033 585 4090 natura
607 4026 777 4114 principiis
799 4033 909 4090 essent
919 4025 1130 4111 temperatae,
1147 4023 1316 4088 dixissem.
1359 4027 1436 4092 Sed

210 4168 236 4211 so
254 4152 429 4229 antequam
456 4143 621 4207 naturales
650 4165 702 4207 res
730 4145 883 4229 incipiam
911 4142 1092 4227 explicare,
1127 4139 1167 4204 de
1196 4139 1435 4207 aedificiorum

252 4259 445 4341 rationibus,
466 4259 554 4323 unde
576 4260 670 4345 initia
687 4261 861 4345 coeperint,
883 4269 916 4324 et
935 4260 984 4322 uti
1002 4259 1166 4323 creverint
1184 4279 1294 4322 eorum
1308 4257 1435 4326 inven-

253 4379 375 4457 tiones,
400 4383 613 4460 antcponam3
640 4382 673 4438 et
700 4377 855 4462 insequar
882 4379 1050 4460 ingressus
1079 4375 1285 4461 antiquitatis
1311 4396 1434 4442 rerum
