3006 5170
280 445 318 506 to
785 453 943 501 vrruuvu

281 612 368 698 cipia
393 631 502 674 rerum
528 616 665 674 naturae
691 610 830 674 noverit.
887 608 970 672 Item
1007 609 1205 695 quicumque
1232 604 1400 670 Ctesibii
1437 628 1469 667 ar

280 729 488 794 Archimedis
515 728 633 811 libros,
664 737 696 792 et
718 735 915 811 ceterorum,
945 728 1002 814 qui
1027 724 1187 790 eiusmodi
1209 725 1355 811 generis
1385 747 1466 811 pra

281 858 375 936 cepta
396 849 675 936 conscripserunt,
704 848 808 933 leget,
831 869 905 910 cum
926 847 968 909 iis
989 845 1110 908 sentire
1131 866 1197 908 non
1217 833 1370 929 poterit,
1417 846 1464 907 ni

281 968 333 1032 his
356 967 497 1054 rebusa
516 965 717 1054 philosophis
741 967 841 1031 suerit
863 966 1043 1029 institutus.

251 1193 263 1233 s
369 1175 398 1236 8.
423 1173 482 1258 (9.)
506 1169 656 1234 Musicen
678 1177 787 1232 autem
811 1169 895 1232 sciat
917 1176 1061 1254 oportet,
1082 1169 1130 1232 uti
1146 1167 1347 1232 canonicam
1371 1166 1469 1232 rati<

282 1313 356 1354 nem
375 1299 407 1354 et
425 1289 690 1353 mathematicam
705 1296 815 1353 notam
829 1287 965 1368 habeat3
986 1294 1157 1373 praeterea
1169 1284 1396 1366 balistarum,
1425 1308 1469 1348 ca

248 1489 252 1494 „
282 1410 500 1497 tapultarum,
525 1407 732 1494 scorpionum
758 1414 996 1493 temperaturas
1019 1404 1124 1492 possit
1144 1413 1232 1468 recte
1252 1403 1384 1468 facere.
1440 1411 1469 1468 Ι]

283 1528 436 1616 capitulis
459 1529 545 1592 enim
568 1526 684 1590 dextra
706 1549 745 1590 ao
765 1526 899 1590 sinistra
922 1532 997 1589 sunt
1013 1523 1177 1588 foramina
1191 1522 1469 1589 hemitoniorum

282 1670 340 1735 per
368 1669 452 1732 quae
481 1644 660 1709 tenduntur
687 1643 811 1708 suculis
837 1652 870 1708 et
897 1643 1048 1710 vectibus
1078 1665 1096 1706 e
1124 1663 1225 1706 nervo
1247 1643 1329 1707 torti
1355 1641 1469 1706 funes

241 1793 266 1832 1o
284 1766 340 1851 qui
359 1787 426 1828 non
447 1761 705 1850 praecluduntur
728 1783 789 1825 nec
810 1762 1052 1850 praeligantur,
1080 1761 1146 1824 nisi
1168 1761 1294 1824 sonitus
1316 1759 1362 1823 ad
1385 1763 1469 1824 arti¹

283 1884 354 1947 ficis
376 1903 472 1946 aures
496 1889 601 1945 certos
627 1890 660 1945 et
687 1879 842 1966 aequales
870 1879 1020 1943 fecerint.
1066 1877 1208 1943 Brachia
1233 1879 1339 1960 enim,
1379 1901 1469 1964 quas

284 2008 318 2068 in
339 2024 393 2066 eas
413 2001 579 2066 tensiones
602 1998 831 2080 includuntur,
860 2020 933 2061 cum
956 1997 1195 2079 extenduntur,
1219 1998 1410 2083 aequaliter
1437 2007 1469 2064 et

283 2122 408 2207 pariter
425 2127 564 2204 utraque
586 2117 716 2204 plagam
743 2117 890 2180 emittere
920 2115 1057 2199 debent3
1090 2115 1229 2201 quodsi
1258 2138 1325 2181 non
1349 2115 1469 2181 homo-

285 2249 363 2304 tona
382 2238 522 2320 fuerint,
546 2233 726 2322 impedient
742 2233 900 2299 directam
913 2235 1052 2300 telorum
1070 2235 1269 2298 missionem.
1315 2240 1346 2300 9.
1372 2235 1469 2300 Item

155 2423 159 2430 ,
243 2383 266 2422 rs
284 2361 319 2424 in
340 2358 477 2423 theatris
497 2377 578 2422 vasa
600 2375 711 2437 aerea,
743 2375 826 2440 quae
849 2356 884 2420 in
903 2353 994 2418 cellis
1016 2353 1077 2418 sub
1098 2351 1256 2438 gradibus
1279 2353 1465 2418 mathema-

284 2480 350 2541 tica
371 2477 496 2541 ratione
516 2474 716 2540 collocantur
735 2474 900 2537 sonituum
925 2472 968 2537 ad
991 2472 1198 2556 discrimina,
1230 2494 1315 2559 quae
1336 2473 1461 2538 Graeci

284 2587 378 2678 ἠχεῐα
401 2592 584 2681 appellant,
613 2591 656 2655 ad
679 2590 889 2678 symphonias
912 2593 1054 2656 musicas
1078 2593 1149 2657 sive
1170 2599 1345 2656 concentus
1369 2613 1459 2656 com-

286 2720 452 2799 ponuntur
484 2711 593 2775 divisa
624 2710 660 2773 in
689 2710 901 2774 circinatione
933 2709 1137 2775 diatessaron
1172 2718 1204 2774 et
1232 2709 1380 2797 diapente
1410 2711 1457 2774 ad

287 2828 514 2912 disdiapason,
550 2828 600 2890 uti
626 2849 693 2892 vox
733 2828 854 2890 scenici
884 2829 1010 2892 sonitus
1039 2830 1238 2894 conveniens
1260 2831 1294 2894 in
1316 2827 1454 2916 disposi-

242 2972 268 3013 ao
286 2944 430 3010 tionibus
453 2952 544 3008 tactu
568 2967 641 3008 cum
670 2944 857 3028 offenderit,
892 2954 989 3010 aucta
1015 2969 1088 3010 cum
1112 2949 1310 3012 incremento
1334 2947 1452 3013 clarior

287 3073 319 3140 et
342 3064 474 3127 suavior
495 3062 538 3126 ad
561 3071 779 3150 spectatorum
800 3066 972 3151 perveniat
993 3089 1098 3130 aures.
1133 3065 1349 3152 Hydraulicas
1370 3090 1448 3152 quo-

285 3204 351 3268 que
371 3180 539 3245 machinas
562 3188 594 3244 et
619 3189 745 3265 cetera,
779 3205 862 3267 quae
884 3192 960 3248 sunt
983 3183 1103 3247 similia
1126 3183 1177 3264 his
1199 3185 1342 3268 organis,
1375 3185 1446 3250 sine

286 3301 419 3364 musicis
442 3299 625 3363 rationibus
647 3299 776 3364 efficere
795 3323 889 3366 nemo
911 3303 1039 3389 poterit.

374 3507 423 3566 to.
469 3501 689 3589 Disciplinam
709 3525 787 3568 vero
807 3504 990 3568 medicinae
1012 3504 1145 3570 novisse
1167 3512 1292 3590 oportet
1317 3513 1439 3590 propter

244 3651 269 3689 as
287 3621 517 3687 inclinationes
545 3620 644 3705 caeli,
678 3643 760 3706 quae
784 3619 904 3684 Graeci
925 3623 1067 3703 κλίματα
1095 3621 1222 3703 dicunt,
1261 3630 1291 3684 et
1309 3624 1384 3684 aeris
1406 3633 1436 3686 et

287 3741 447 3823 locorum,
489 3741 567 3829 qui·
592 3747 669 3803 sunt
707 3738 855 3838 salubres
890 3748 945 3802 aut
979 3740 1185 3826 pestilentes,
1231 3761 1435 3826 aquarumque

287 3879 383 3940 usus,
418 3860 489 3922 sine
517 3857 568 3922 his
592 3859 680 3922 enim
707 3856 889 3921 rationibus
917 3857 1007 3921 nulla
1035 3857 1174 3922 salubris
1199 3856 1346 3921 habitatio
1367 3855 1432 3922 fieri

287 3983 405 4062 potest.

375 4161 456 4247 (11.)
488 4161 564 4225 Iura
586 4136 713 4248 quoque
738 4170 815 4228 nota
837 4163 956 4227 habeat
977 4169 1102 4248 oportet
1123 4181 1178 4243 ea,
1199 4183 1282 4247 quae
1300 4184 1427 4227 neccssa-

246 4298 272 4342 so
289 4279 339 4342 ria
360 4287 436 4342 sunt
456 4277 614 4342 aedificiis
638 4267 862 4344 comm'unibus
888 4280 1050 4367 parietum
1071 4276 1113 4341 ad
1125 4279 1296 4343 -amhitum
1319 4277 1425 4342 stillici-

291 4393 417 4458 diorum
438 4402 471 4458 et
488 4391 672 4461 cloacarum
694 4404 726 4459 et
746 4395 916 4460 luminum.
960 4403 1043 4460 Item
1060 4417 1218 4482 aquarum
1236 4395 1379 4460 ductiones
1394 4407 1422 4463 et
