<?xml version="1.0" encoding="UTF-8"?>
<!DOCTYPE html PUBLIC "-//W3C//DTD XHTML 1.0 Transitional//EN"
    "http://www.w3.org/TR/xhtml1/DTD/xhtml1-transitional.dtd">
<html xmlns="http://www.w3.org/1999/xhtml" xml:lang="en" lang="en">
 <head>
  <title>
</title>
<meta http-equiv="Content-Type" content="text/html;charset=utf-8" />
  <meta name='ocr-system' content='tesseract 3.04.00' />
  <meta name='ocr-capabilities' content='ocr_page ocr_carea ocr_par ocr_line ocrx_word'/>
</head>
<body>
  <div class='ocr_page' id='page_1' title='image "./marcivitruviipo00loregoog_0076.png"; bbox 0 0 3006 5170; ppageno 0'>
   <div class='ocr_carea' id='block_1_1' title="bbox 248 404 914 466">
    <p class='ocr_par' dir='ltr' id='par_1_1' title="bbox 248 404 914 466">
     <span class='ocr_line' id='line_1_1' title="bbox 248 404 914 466; baseline 0.002 -11"><span class='ocrx_word' id='word_1_1' title='bbox 248 404 288 466; x_wconf 87' lang='grc'><strong>68</strong></span> <span class='ocrx_word' id='word_1_2' title='bbox 605 449 608 458; x_wconf 89' lang='grc'><strong>.</strong></span> <span class='ocrx_word' id='word_1_3' title='bbox 755 411 914 458; x_wconf 83' lang='lat' dir='ltr'>VITRUVII</span> 
     </span>
    </p>
   </div>
   <div class='ocr_carea' id='block_1_2' title="bbox 213 563 1470 2544">
    <p class='ocr_par' dir='ltr' id='par_1_2' title="bbox 213 563 1470 2544">
     <span class='ocr_line' id='line_1_2' title="bbox 337 563 1454 652; baseline 0 -24"><span class='ocrx_word' id='word_1_4' title='bbox 337 571 365 630; x_wconf 90' lang='lat'><strong>1.</strong></span> <span class='ocrx_word' id='word_1_5' title='bbox 396 567 479 652; x_wconf 84' lang='lat'>(12.)</span> <span class='ocrx_word' id='word_1_6' title='bbox 512 563 634 628; x_wconf 84' lang='lat' dir='ltr'><strong>Thales</strong></span> <span class='ocrx_word' id='word_1_7' title='bbox 661 565 801 651; x_wconf 91' lang='lat' dir='ltr'><strong>primum</strong></span> <span class='ocrx_word' id='word_1_8' title='bbox 833 585 952 650; x_wconf 88' lang='lat' dir='ltr'><strong>aquam</strong></span> <span class='ocrx_word' id='word_1_9' title='bbox 978 568 1111 651; x_wconf 91' lang='lat' dir='ltr'><strong>putavit</strong></span> <span class='ocrx_word' id='word_1_10' title='bbox 1144 568 1291 630; x_wconf 91' lang='lat' dir='ltr'><strong>omnium</strong></span> <span class='ocrx_word' id='word_1_11' title='bbox 1331 584 1454 628; x_wconf 88' lang='lat' dir='ltr'><strong>rerum</strong></span> 
     </span>
     <span class='ocr_line' id='line_1_3' title="bbox 220 680 1455 774; baseline -0.002 -26"><span class='ocrx_word' id='word_1_12' title='bbox 220 765 223 774; x_wconf 22' lang='grc' dir='ltr'>ι</span> <span class='ocrx_word' id='word_1_13' title='bbox 251 707 323 749; x_wconf 90' lang='lat' dir='ltr'><strong>esse</strong></span> <span class='ocrx_word' id='word_1_14' title='bbox 346 682 554 772; x_wconf 89' lang='lat' dir='ltr'><strong>principium.</strong></span> <span class='ocrx_word' id='word_1_15' title='bbox 599 680 789 746; x_wconf 82' lang='lat' dir='ltr'><strong>Heraclitus</strong></span> <span class='ocrx_word' id='word_1_16' title='bbox 810 681 985 768; x_wconf 86' lang='lat' dir='ltr'><strong>Ephesius,</strong></span> <span class='ocrx_word' id='word_1_17' title='bbox 1009 684 1067 769; x_wconf 96' lang='lat' dir='ltr'><strong>qui</strong></span> <span class='ocrx_word' id='word_1_18' title='bbox 1089 692 1222 770; x_wconf 91' lang='lat' dir='ltr'><strong>propter</strong></span> <span class='ocrx_word' id='word_1_19' title='bbox 1244 683 1455 748; x_wconf 86' lang='lat' dir='ltr'><strong>obscurita-</strong></span> 
     </span>
     <span class='ocr_line' id='line_1_4' title="bbox 251 790 1455 890; baseline -0.004 -22"><span class='ocrx_word' id='word_1_20' title='bbox 251 814 317 870; x_wconf 90' lang='lat' dir='ltr'><strong>tem</strong></span> <span class='ocrx_word' id='word_1_21' title='bbox 348 805 543 890; x_wconf 89' lang='lat' dir='ltr'><strong>scriptorum</strong></span> <span class='ocrx_word' id='word_1_22' title='bbox 574 823 595 864; x_wconf 89' lang='lat' dir='ltr'><strong>a</strong></span> <span class='ocrx_word' id='word_1_23' title='bbox 622 801 759 865; x_wconf 85' lang='lat' dir='ltr'><strong>Graecis</strong></span> <span class='ocrx_word' id='word_1_24' title='bbox 792 790 963 873; x_wconf 78' lang='grc' dir='ltr'><strong><em>σκοτεινὸς</em></strong></span> <span class='ocrx_word' id='word_1_25' title='bbox 993 809 1043 863; x_wconf 93' lang='lat' dir='ltr'><strong>est</strong></span> <span class='ocrx_word' id='word_1_26' title='bbox 1072 800 1274 887; x_wconf 87' lang='lat' dir='ltr'><strong>appellatus,</strong></span> <span class='ocrx_word' id='word_1_27' title='bbox 1312 803 1455 888; x_wconf 88' lang='lat' dir='ltr'><strong>ignem.</strong></span> 
     </span>
     <span class='ocr_line' id='line_1_5' title="bbox 251 918 1456 1008; baseline -0.003 -22"><span class='ocrx_word' id='word_1_28' title='bbox 251 923 460 988; x_wconf 81' lang='lat' dir='ltr'><strong>Democritus</strong></span> <span class='ocrx_word' id='word_1_29' title='bbox 483 923 603 1008; x_wconf 90' lang='lat' dir='ltr'><strong>quique</strong></span> <span class='ocrx_word' id='word_1_30' title='bbox 634 929 683 984; x_wconf 90' lang='lat' dir='ltr'><strong>est</strong></span> <span class='ocrx_word' id='word_1_31' title='bbox 717 940 792 982; x_wconf 91' lang='lat' dir='ltr'><strong>eum</strong></span> <span class='ocrx_word' id='word_1_32' title='bbox 815 926 946 980; x_wconf 86' lang='lat' dir='ltr'><strong>secutus</strong></span> <span class='ocrx_word' id='word_1_33' title='bbox 970 918 1135 1005; x_wconf 84' lang='lat' dir='ltr'><strong>Epicurus</strong></span> <span class='ocrx_word' id='word_1_34' title='bbox 1168 929 1322 1003; x_wconf 88' lang='lat' dir='ltr'><strong>atomos,</strong></span> <span class='ocrx_word' id='word_1_35' title='bbox 1369 944 1456 1008; x_wconf 87' lang='lat' dir='ltr'><strong>quos</strong></span> 
     </span>
     <span class='ocr_line' id='line_1_6' title="bbox 218 1035 1455 1126; baseline -0.002 -21"><span class='ocrx_word' id='word_1_36' title='bbox 218 1042 354 1106; x_wconf 78' lang='lat' dir='ltr'><strong>snostri</strong></span> <span class='ocrx_word' id='word_1_37' title='bbox 376 1039 577 1110; x_wconf 74' lang='lat' dir='ltr'><strong>,insecabilia</strong></span> <span class='ocrx_word' id='word_1_38' title='bbox 606 1059 759 1126; x_wconf 89' lang='lat' dir='ltr'><strong>corpora,</strong></span> <span class='ocrx_word' id='word_1_39' title='bbox 795 1035 945 1100; x_wconf 87' lang='lat' dir='ltr'><strong>nonnulli</strong></span> <span class='ocrx_word' id='word_1_40' title='bbox 977 1037 1152 1104; x_wconf 84' lang='lat' dir='ltr'><strong>individua</strong></span> <span class='ocrx_word' id='word_1_41' title='bbox 1184 1040 1455 1106; x_wconf 86' lang='lat' dir='ltr'><strong>vocitaverunt.</strong></span> 
     </span>
     <span class='ocr_line' id='line_1_7' title="bbox 252 1153 1454 1247; baseline -0.002 -25"><span class='ocrx_word' id='word_1_42' title='bbox 252 1159 545 1247; x_wconf 82' lang='lat' dir='ltr'><strong>Pythagoricorum</strong></span> <span class='ocrx_word' id='word_1_43' title='bbox 573 1178 651 1220; x_wconf 91' lang='lat' dir='ltr'><strong>vero</strong></span> <span class='ocrx_word' id='word_1_44' title='bbox 684 1153 860 1240; x_wconf 81' lang='lat' dir='ltr'><strong>disciplina</strong></span> <span class='ocrx_word' id='word_1_45' title='bbox 889 1155 1010 1218; x_wconf 90' lang='lat' dir='ltr'><strong>adiecit</strong></span> <span class='ocrx_word' id='word_1_46' title='bbox 1037 1156 1080 1219; x_wconf 92' lang='lat' dir='ltr'><strong>ad</strong></span> <span class='ocrx_word' id='word_1_47' title='bbox 1109 1178 1227 1244; x_wconf 88' lang='lat' dir='ltr'><strong>aquam</strong></span> <span class='ocrx_word' id='word_1_48' title='bbox 1256 1166 1291 1221; x_wconf 92' lang='lat' dir='ltr'><strong>et</strong></span> <span class='ocrx_word' id='word_1_49' title='bbox 1326 1159 1454 1243; x_wconf 84' lang='lat' dir='ltr'><strong>ignem</strong></span> 
     </span>
     <span class='ocr_line' id='line_1_8' title="bbox 252 1271 1454 1362; baseline 0.001 -22"><span class='ocrx_word' id='word_1_50' title='bbox 252 1287 331 1342; x_wconf 72' lang='lat' dir='ltr'><strong>aera</strong></span> <span class='ocrx_word' id='word_1_51' title='bbox 353 1286 385 1341; x_wconf 91' lang='lat' dir='ltr'><strong>et</strong></span> <span class='ocrx_word' id='word_1_52' title='bbox 407 1285 583 1340; x_wconf 91' lang='lat' dir='ltr'><strong>terrenum.</strong></span> <span class='ocrx_word' id='word_1_53' title='bbox 629 1273 719 1357; x_wconf 84' lang='lat' dir='ltr'><strong>Ergo</strong></span> <span class='ocrx_word' id='word_1_54' title='bbox 737 1271 960 1356; x_wconf 81' lang='lat' dir='ltr'><strong>Democritus,</strong></span> <span class='ocrx_word' id='word_1_55' title='bbox 984 1275 1046 1338; x_wconf 91' lang='lat' dir='ltr'><strong>etsi</strong></span> <span class='ocrx_word' id='word_1_56' title='bbox 1060 1297 1127 1339; x_wconf 91' lang='lat' dir='ltr'><strong>non</strong></span> <span class='ocrx_word' id='word_1_57' title='bbox 1143 1276 1276 1362; x_wconf 92' lang='lat' dir='ltr'><strong>proprie</strong></span> <span class='ocrx_word' id='word_1_58' title='bbox 1298 1300 1369 1341; x_wconf 86' lang='lat' dir='ltr'><strong>res</strong></span> <span class='ocrx_word' id='word_1_59' title='bbox 1399 1300 1454 1341; x_wconf 91' lang='lat' dir='ltr'><strong>no-</strong></span> 
     </span>
     <span class='ocr_line' id='line_1_9' title="bbox 252 1391 1454 1482; baseline -0.002 -22"><span class='ocrx_word' id='word_1_60' title='bbox 252 1397 401 1479; x_wconf 85' lang='lat' dir='ltr'><strong>minavit,</strong></span> <span class='ocrx_word' id='word_1_61' title='bbox 417 1393 476 1459; x_wconf 91' lang='lat' dir='ltr'><strong>sed</strong></span> <span class='ocrx_word' id='word_1_62' title='bbox 496 1401 624 1458; x_wconf 90' lang='lat' dir='ltr'><strong>tantum</strong></span> <span class='ocrx_word' id='word_1_63' title='bbox 643 1391 817 1456; x_wconf 91' lang='lat' dir='ltr'><strong>individua</strong></span> <span class='ocrx_word' id='word_1_64' title='bbox 839 1414 975 1478; x_wconf 88' lang='lat' dir='ltr'><strong>corpora</strong></span> <span class='ocrx_word' id='word_1_65' title='bbox 996 1395 1184 1482; x_wconf 78' lang='lat' dir='ltr'><strong>proposuit,</strong></span> <span class='ocrx_word' id='word_1_66' title='bbox 1208 1392 1284 1458; x_wconf 87' lang='lat' dir='ltr'><strong>idco</strong></span> <span class='ocrx_word' id='word_1_67' title='bbox 1304 1417 1359 1458; x_wconf 87' lang='lat' dir='ltr'><strong>ea</strong></span> <span class='ocrx_word' id='word_1_68' title='bbox 1379 1397 1454 1481; x_wconf 88' lang='lat' dir='ltr'><strong>ipsa</strong></span> 
     </span>
     <span class='ocr_line' id='line_1_10' title="bbox 235 1509 1453 1598; baseline -0.002 -19"><span class='ocrx_word' id='word_1_69' title='bbox 235 1509 237 1513; x_wconf 38' lang='lat'><strong><em>⁴</em></strong></span> <span class='ocrx_word' id='word_1_70' title='bbox 254 1515 378 1580; x_wconf 89' lang='lat' dir='ltr'><strong>dixisse</strong></span> <span class='ocrx_word' id='word_1_71' title='bbox 393 1513 535 1595; x_wconf 89' lang='lat' dir='ltr'><strong>videtur,</strong></span> <span class='ocrx_word' id='word_1_72' title='bbox 557 1511 645 1598; x_wconf 93' lang='lat' dir='ltr'><strong>quod</strong></span> <span class='ocrx_word' id='word_1_73' title='bbox 662 1532 712 1594; x_wconf 88' lang='lat' dir='ltr'><strong>ca,</strong></span> <span class='ocrx_word' id='word_1_74' title='bbox 729 1533 803 1573; x_wconf 91' lang='lat' dir='ltr'><strong>cum</strong></span> <span class='ocrx_word' id='word_1_75' title='bbox 824 1511 890 1574; x_wconf 90' lang='lat' dir='ltr'><strong>sint</strong></span> <span class='ocrx_word' id='word_1_76' title='bbox 906 1511 1080 1594; x_wconf 89' lang='lat' dir='ltr'><strong>disiuncta,</strong></span> <span class='ocrx_word' id='word_1_77' title='bbox 1096 1534 1157 1576; x_wconf 88' lang='lat' dir='ltr'><strong>nec</strong></span> <span class='ocrx_word' id='word_1_78' title='bbox 1172 1511 1368 1590; x_wconf 89' lang='lat' dir='ltr'><strong>laeduntur</strong></span> <span class='ocrx_word' id='word_1_79' title='bbox 1391 1537 1453 1577; x_wconf 91' lang='lat' dir='ltr'><strong>nec</strong></span> 
     </span>
     <span class='ocr_line' id='line_1_11' title="bbox 213 1628 1454 1716; baseline -0.002 -18"><span class='ocrx_word' id='word_1_80' title='bbox 213 1659 238 1699; x_wconf 88' lang='lat' dir='ltr'><strong>1o</strong></span> <span class='ocrx_word' id='word_1_81' title='bbox 254 1634 475 1698; x_wconf 89' lang='lat' dir='ltr'><strong>interitionem</strong></span> <span class='ocrx_word' id='word_1_82' title='bbox 482 1631 654 1716; x_wconf 89' lang='lat' dir='ltr'><strong>recipiunt,</strong></span> <span class='ocrx_word' id='word_1_83' title='bbox 664 1651 725 1693; x_wconf 90' lang='lat' dir='ltr'><strong>nec</strong></span> <span class='ocrx_word' id='word_1_84' title='bbox 736 1628 935 1692; x_wconf 84' lang='lat' dir='ltr'><strong>sectionibus</strong></span> <span class='ocrx_word' id='word_1_85' title='bbox 949 1628 1152 1712; x_wconf 91' lang='lat' dir='ltr'><strong>dividuntur,</strong></span> <span class='ocrx_word' id='word_1_86' title='bbox 1163 1629 1454 1716; x_wconf 88' lang='lat' dir='ltr'><strong>sedsempiterno</strong></span> 
     </span>
     <span class='ocr_line' id='line_1_12' title="bbox 253 1745 1453 1836; baseline 0.001 -22"><span class='ocrx_word' id='word_1_87' title='bbox 253 1773 335 1816; x_wconf 90' lang='lat' dir='ltr'><strong>aevo</strong></span> <span class='ocrx_word' id='word_1_88' title='bbox 346 1757 502 1836; x_wconf 89' lang='lat' dir='ltr'><strong>perpetuo</strong></span> <span class='ocrx_word' id='word_1_89' title='bbox 514 1747 676 1810; x_wconf 90' lang='lat' dir='ltr'><strong>infinitam</strong></span> <span class='ocrx_word' id='word_1_90' title='bbox 688 1746 832 1810; x_wconf 84' lang='lat' dir='ltr'><strong>retinent</strong></span> <span class='ocrx_word' id='word_1_91' title='bbox 844 1747 878 1808; x_wconf 90' lang='lat' dir='ltr'><strong>in</strong></span> <span class='ocrx_word' id='word_1_92' title='bbox 896 1768 930 1809; x_wconf 89' lang='lat' dir='ltr'><strong>se</strong></span> <span class='ocrx_word' id='word_1_93' title='bbox 944 1745 1153 1810; x_wconf 85' lang='lat' dir='ltr'><strong>soliditatem.</strong></span> <span class='ocrx_word' id='word_1_94' title='bbox 1176 1750 1205 1810; x_wconf 82' lang='lat'><strong>2.</strong></span> <span class='ocrx_word' id='word_1_95' title='bbox 1217 1747 1273 1811; x_wconf 84' lang='lat' dir='ltr'><strong>Ex</strong></span> <span class='ocrx_word' id='word_1_96' title='bbox 1288 1750 1350 1813; x_wconf 89' lang='lat' dir='ltr'><strong>his</strong></span> <span class='ocrx_word' id='word_1_97' title='bbox 1367 1774 1453 1835; x_wconf 86' lang='lat' dir='ltr'><strong>ergo</strong></span> 
     </span>
     <span class='ocr_line' id='line_1_13' title="bbox 255 1865 1451 1952; baseline 0.003 -21"><span class='ocrx_word' id='word_1_98' title='bbox 255 1867 510 1950; x_wconf 86' lang='lat' dir='ltr'><strong>congruentibus</strong></span> <span class='ocrx_word' id='word_1_99' title='bbox 533 1887 605 1928; x_wconf 91' lang='lat' dir='ltr'><strong>cum</strong></span> <span class='ocrx_word' id='word_1_100' title='bbox 628 1886 680 1928; x_wconf 91' lang='lat' dir='ltr'><strong>res</strong></span> <span class='ocrx_word' id='word_1_101' title='bbox 702 1885 813 1927; x_wconf 89' lang='lat' dir='ltr'><strong>omnes</strong></span> <span class='ocrx_word' id='word_1_102' title='bbox 834 1865 921 1928; x_wconf 89' lang='lat' dir='ltr'><strong>coire</strong></span> <span class='ocrx_word' id='word_1_103' title='bbox 937 1865 1092 1952; x_wconf 88' lang='lat' dir='ltr'><strong>nascique</strong></span> <span class='ocrx_word' id='word_1_104' title='bbox 1110 1865 1297 1950; x_wconf 90' lang='lat' dir='ltr'><strong>videantur,</strong></span> <span class='ocrx_word' id='word_1_105' title='bbox 1323 1879 1366 1934; x_wconf 88' lang='lat' dir='ltr'><strong>et</strong></span> <span class='ocrx_word' id='word_1_106' title='bbox 1385 1870 1451 1934; x_wconf 91' lang='lat' dir='ltr'><strong>hae</strong></span> 
     </span>
     <span class='ocr_line' id='line_1_14' title="bbox 255 1982 1449 2072; baseline 0.004 -24"><span class='ocrx_word' id='word_1_107' title='bbox 255 1987 291 2048; x_wconf 92' lang='lat' dir='ltr'><strong>in</strong></span> <span class='ocrx_word' id='word_1_108' title='bbox 312 1982 448 2046; x_wconf 89' lang='lat' dir='ltr'><strong>infinitis</strong></span> <span class='ocrx_word' id='word_1_109' title='bbox 470 1983 646 2067; x_wconf 80' lang='lat' dir='ltr'><strong>generibus</strong></span> <span class='ocrx_word' id='word_1_110' title='bbox 667 2003 775 2045; x_wconf 89' lang='lat' dir='ltr'><strong>rerum</strong></span> <span class='ocrx_word' id='word_1_111' title='bbox 799 1991 917 2046; x_wconf 89' lang='lat' dir='ltr'><strong>natura</strong></span> <span class='ocrx_word' id='word_1_112' title='bbox 937 1991 1048 2047; x_wconf 88' lang='lat' dir='ltr'><strong>essent</strong></span> <span class='ocrx_word' id='word_1_113' title='bbox 1070 1983 1276 2071; x_wconf 82' lang='lat' dir='ltr'><strong>disparatae3</strong></span> <span class='ocrx_word' id='word_1_114' title='bbox 1299 1993 1449 2072; x_wconf 85' lang='lat' dir='ltr'><strong>putavi,</strong></span> 
     </span>
     <span class='ocr_line' id='line_1_15' title="bbox 256 2100 1450 2195; baseline 0.005 -29"><span class='ocrx_word' id='word_1_115' title='bbox 256 2109 404 2187; x_wconf 87' lang='lat' dir='ltr'><strong>oportere</strong></span> <span class='ocrx_word' id='word_1_116' title='bbox 424 2100 464 2163; x_wconf 90' lang='lat' dir='ltr'><strong>de</strong></span> <span class='ocrx_word' id='word_1_117' title='bbox 483 2100 698 2166; x_wconf 88' lang='lat' dir='ltr'><strong>varictatibus</strong></span> <span class='ocrx_word' id='word_1_118' title='bbox 721 2108 752 2163; x_wconf 94' lang='lat' dir='ltr'><strong>et</strong></span> <span class='ocrx_word' id='word_1_119' title='bbox 772 2101 1016 2166; x_wconf 88' lang='lat' dir='ltr'><strong>discriminibus</strong></span> <span class='ocrx_word' id='word_1_120' title='bbox 1035 2124 1112 2166; x_wconf 90' lang='lat' dir='ltr'><strong>usus</strong></span> <span class='ocrx_word' id='word_1_121' title='bbox 1134 2124 1255 2187; x_wconf 89' lang='lat' dir='ltr'><strong>earum,</strong></span> <span class='ocrx_word' id='word_1_122' title='bbox 1280 2128 1450 2195; x_wconf 84' lang='lat' dir='ltr'><strong>quasque</strong></span> 
     </span>
     <span class='ocr_line' id='line_1_16' title="bbox 214 2217 1450 2305; baseline 0.006 -21"><span class='ocrx_word' id='word_1_123' title='bbox 214 2218 416 2284; x_wconf 69' lang='lat' dir='ltr'><strong>rehaberent</strong></span> <span class='ocrx_word' id='word_1_124' title='bbox 441 2218 476 2281; x_wconf 93' lang='lat' dir='ltr'><strong>in</strong></span> <span class='ocrx_word' id='word_1_125' title='bbox 504 2217 663 2281; x_wconf 75' lang='lat' dir='ltr'><strong>aedificiis</strong></span> <span class='ocrx_word' id='word_1_126' title='bbox 692 2218 867 2305; x_wconf 88' lang='lat' dir='ltr'><strong>qualitates</strong></span> <span class='ocrx_word' id='word_1_127' title='bbox 898 2241 1078 2305; x_wconf 86' lang='lat' dir='ltr'><strong>exponere,</strong></span> <span class='ocrx_word' id='word_1_128' title='bbox 1107 2223 1171 2305; x_wconf 90' lang='lat' dir='ltr'><strong>uti,</strong></span> <span class='ocrx_word' id='word_1_129' title='bbox 1200 2245 1273 2286; x_wconf 89' lang='lat' dir='ltr'><strong>cum</strong></span> <span class='ocrx_word' id='word_1_130' title='bbox 1305 2224 1450 2291; x_wconf 88' lang='lat' dir='ltr'><strong>suerint</strong></span> 
     </span>
     <span class='ocr_line' id='line_1_17' title="bbox 256 2335 1470 2432; baseline 0.002 -27"><span class='ocrx_word' id='word_1_131' title='bbox 256 2347 363 2422; x_wconf 90' lang='lat' dir='ltr'><strong>notae,</strong></span> <span class='ocrx_word' id='word_1_132' title='bbox 388 2360 454 2403; x_wconf 91' lang='lat' dir='ltr'><strong>non</strong></span> <span class='ocrx_word' id='word_1_133' title='bbox 475 2338 628 2421; x_wconf 86' lang='lat' dir='ltr'><strong>habeant,</strong></span> <span class='ocrx_word' id='word_1_134' title='bbox 643 2338 699 2422; x_wconf 90' lang='lat' dir='ltr'><strong>qui</strong></span> <span class='ocrx_word' id='word_1_135' title='bbox 716 2335 890 2401; x_wconf 89' lang='lat' dir='ltr'><strong>aedificare</strong></span> <span class='ocrx_word' id='word_1_136' title='bbox 907 2341 1064 2424; x_wconf 83' lang='lat' dir='ltr'><strong>cogitant,</strong></span> <span class='ocrx_word' id='word_1_137' title='bbox 1084 2362 1237 2424; x_wconf 90' lang='lat' dir='ltr'><strong>errorem,</strong></span> <span class='ocrx_word' id='word_1_138' title='bbox 1259 2343 1318 2406; x_wconf 90' lang='lat' dir='ltr'><strong>sed</strong></span> <span class='ocrx_word' id='word_1_139' title='bbox 1340 2356 1448 2432; x_wconf 86' lang='lat' dir='ltr'><strong>aptas</strong></span> <span class='ocrx_word' id='word_1_140' title='bbox 1467 2383 1470 2390; x_wconf 70' lang='lat'><strong>,</strong></span> 
     </span>
     <span class='ocr_line' id='line_1_18' title="bbox 255 2454 954 2544; baseline -0.004 -20"><span class='ocrx_word' id='word_1_141' title='bbox 255 2460 298 2524; x_wconf 88' lang='lat' dir='ltr'><strong>ad</strong></span> <span class='ocrx_word' id='word_1_142' title='bbox 321 2480 417 2523; x_wconf 91' lang='lat' dir='ltr'><strong>usum</strong></span> <span class='ocrx_word' id='word_1_143' title='bbox 438 2457 548 2544; x_wconf 89' lang='lat' dir='ltr'><strong>copias</strong></span> <span class='ocrx_word' id='word_1_144' title='bbox 572 2454 731 2519; x_wconf 86' lang='lat' dir='ltr'><strong>aediliciis</strong></span> <span class='ocrx_word' id='word_1_145' title='bbox 755 2465 954 2542; x_wconf 87' lang='lat' dir='ltr'><strong>comparent.</strong></span> 
     </span>
    </p>
   </div>
   <div class='ocr_carea' id='block_1_3' title="bbox 691 2743 989 2811">
    <p class='ocr_par' dir='ltr' id='par_1_3' title="bbox 691 2743 989 2811">
     <span class='ocr_line' id='line_1_19' title="bbox 691 2743 989 2811; baseline 0.017 -5"><span class='ocrx_word' id='word_1_146' title='bbox 691 2743 989 2811; x_wconf 81' lang='lat' dir='ltr'><strong>OAPUTIII.</strong></span> 
     </span>
    </p>
   </div>
   <div class='ocr_carea' id='block_1_4' title="bbox 215 2941 1447 3277">
    <p class='ocr_par' dir='ltr' id='par_1_4' title="bbox 215 2941 1447 3277">
     <span class='ocr_line' id='line_1_20' title="bbox 347 2941 1446 3038; baseline 0.013 -34"><span class='ocrx_word' id='word_1_147' title='bbox 347 2951 375 3012; x_wconf 82' lang='lat'><strong>1.</strong></span> <span class='ocrx_word' id='word_1_148' title='bbox 397 2943 480 3034; x_wconf 83' lang='lat'><strong>(13.)</strong></span> <span class='ocrx_word' id='word_1_149' title='bbox 505 2941 620 3031; x_wconf 82' lang='lat' dir='ltr'><strong>Itaque</strong></span> <span class='ocrx_word' id='word_1_150' title='bbox 651 2946 792 3030; x_wconf 90' lang='lat' dir='ltr'><strong>primum</strong></span> <span class='ocrx_word' id='word_1_151' title='bbox 821 2946 862 3009; x_wconf 90' lang='lat' dir='ltr'><strong>de</strong></span> <span class='ocrx_word' id='word_1_152' title='bbox 886 2949 1060 3033; x_wconf 89' lang='lat' dir='ltr'><strong>lateribus,</strong></span> <span class='ocrx_word' id='word_1_153' title='bbox 1090 2973 1155 3038; x_wconf 96' lang='lat' dir='ltr'><strong>qua</strong></span> <span class='ocrx_word' id='word_1_154' title='bbox 1183 2952 1224 3016; x_wconf 92' lang='lat' dir='ltr'><strong>de</strong></span> <span class='ocrx_word' id='word_1_155' title='bbox 1243 2961 1331 3016; x_wconf 91' lang='lat' dir='ltr'><strong>terra</strong></span> <span class='ocrx_word' id='word_1_156' title='bbox 1355 2955 1446 3022; x_wconf 89' lang='lat' dir='ltr'><strong>duci</strong></span> 
     </span>
     <span class='ocr_line' id='line_1_21' title="bbox 215 3062 1445 3156; baseline 0.006 -24"><span class='ocrx_word' id='word_1_157' title='bbox 215 3090 242 3132; x_wconf 83' lang='lat' dir='ltr'><strong>ao</strong></span> <span class='ocrx_word' id='word_1_158' title='bbox 259 3087 314 3130; x_wconf 89' lang='lat' dir='ltr'><strong>eos</strong></span> <span class='ocrx_word' id='word_1_159' title='bbox 337 3073 495 3151; x_wconf 85' lang='lat' dir='ltr'><strong>oporteat,</strong></span> <span class='ocrx_word' id='word_1_160' title='bbox 519 3062 636 3126; x_wconf 89' lang='lat' dir='ltr'><strong>dicam.</strong></span> <span class='ocrx_word' id='word_1_161' title='bbox 682 3062 759 3126; x_wconf 89' lang='lat' dir='ltr'><strong>Non</strong></span> <span class='ocrx_word' id='word_1_162' title='bbox 774 3065 860 3126; x_wconf 89' lang='lat' dir='ltr'><strong>enim</strong></span> <span class='ocrx_word' id='word_1_163' title='bbox 884 3065 925 3128; x_wconf 92' lang='lat' dir='ltr'><strong>de</strong></span> <span class='ocrx_word' id='word_1_164' title='bbox 939 3065 1111 3150; x_wconf 88' lang='lat' dir='ltr'><strong>harenoso,</strong></span> <span class='ocrx_word' id='word_1_165' title='bbox 1136 3091 1242 3156; x_wconf 89' lang='lat' dir='ltr'><strong>neque</strong></span> <span class='ocrx_word' id='word_1_166' title='bbox 1261 3073 1445 3140; x_wconf 88' lang='lat' dir='ltr'><strong>calculoso</strong></span> 
     </span>
     <span class='ocr_line' id='line_1_22' title="bbox 257 3180 1447 3277; baseline 0.009 -31"><span class='ocrx_word' id='word_1_167' title='bbox 257 3183 344 3265; x_wconf 90' lang='lat' dir='ltr'><strong>luto,</strong></span> <span class='ocrx_word' id='word_1_168' title='bbox 372 3203 479 3269; x_wconf 91' lang='lat' dir='ltr'><strong>neque</strong></span> <span class='ocrx_word' id='word_1_169' title='bbox 507 3181 665 3245; x_wconf 87' lang='lat' dir='ltr'><strong>sabulone</strong></span> <span class='ocrx_word' id='word_1_170' title='bbox 695 3180 798 3246; x_wconf 90' lang='lat' dir='ltr'><strong>soluto</strong></span> <span class='ocrx_word' id='word_1_171' title='bbox 827 3191 904 3246; x_wconf 92' lang='lat' dir='ltr'><strong>sunt</strong></span> <span class='ocrx_word' id='word_1_172' title='bbox 932 3184 1091 3267; x_wconf 89' lang='lat' dir='ltr'><strong>ducendi,</strong></span> <span class='ocrx_word' id='word_1_173' title='bbox 1120 3186 1207 3271; x_wconf 94' lang='lat' dir='ltr'><strong>quod</strong></span> <span class='ocrx_word' id='word_1_174' title='bbox 1229 3211 1271 3252; x_wconf 85' lang='lat' dir='ltr'><strong>ex</strong></span> <span class='ocrx_word' id='word_1_175' title='bbox 1292 3188 1344 3252; x_wconf 92' lang='lat' dir='ltr'><strong>his</strong></span> <span class='ocrx_word' id='word_1_176' title='bbox 1381 3216 1447 3277; x_wconf 89' lang='lat' dir='ltr'><strong>ge-</strong></span> 
     </span>
    </p>
   </div>
   <div class='ocr_carea' id='block_1_5' title="bbox 258 3300 1445 3388">
    <p class='ocr_par' dir='ltr' id='par_1_5' title="bbox 258 3300 1445 3388">
     <span class='ocr_line' id='line_1_23' title="bbox 258 3300 1445 3388; baseline 0.008 -22"><span class='ocrx_word' id='word_1_177' title='bbox 258 3301 392 3368; x_wconf 87' lang='lat' dir='ltr'><strong>neribus</strong></span> <span class='ocrx_word' id='word_1_178' title='bbox 415 3323 490 3364; x_wconf 93' lang='lat' dir='ltr'><strong>cum</strong></span> <span class='ocrx_word' id='word_1_179' title='bbox 509 3302 575 3365; x_wconf 89' lang='lat' dir='ltr'><strong>sint</strong></span> <span class='ocrx_word' id='word_1_180' title='bbox 597 3300 703 3381; x_wconf 90' lang='lat' dir='ltr'><strong>ducti,</strong></span> <span class='ocrx_word' id='word_1_181' title='bbox 726 3302 867 3386; x_wconf 92' lang='lat' dir='ltr'><strong>primum</strong></span> <span class='ocrx_word' id='word_1_182' title='bbox 890 3301 973 3366; x_wconf 88' lang='lat' dir='ltr'><strong>fiunt</strong></span> <span class='ocrx_word' id='word_1_183' title='bbox 993 3325 1129 3388; x_wconf 80' lang='lat' dir='ltr'><strong>graves,</strong></span> <span class='ocrx_word' id='word_1_184' title='bbox 1153 3305 1272 3370; x_wconf 85' lang='lat' dir='ltr'><strong>deinde</strong></span> <span class='ocrx_word' id='word_1_185' title='bbox 1292 3329 1373 3370; x_wconf 88' lang='lat' dir='ltr'><strong>cum</strong></span> <span class='ocrx_word' id='word_1_186' title='bbox 1396 3313 1445 3376; x_wconf 87' lang='lat' dir='ltr'><strong>ab</strong></span> 
     </span>
    </p>
   </div>
   <div class='ocr_carea' id='block_1_6' title="bbox 214 3416 1445 4095">
    <p class='ocr_par' dir='ltr' id='par_1_6' title="bbox 255 3416 1445 3628">
     <span class='ocr_line' id='line_1_24' title="bbox 258 3416 1445 3505; baseline 0.01 -23"><span class='ocrx_word' id='word_1_187' title='bbox 258 3419 419 3484; x_wconf 89' lang='lat' dir='ltr'><strong>imbribus</strong></span> <span class='ocrx_word' id='word_1_188' title='bbox 439 3419 474 3480; x_wconf 92' lang='lat' dir='ltr'><strong>in</strong></span> <span class='ocrx_word' id='word_1_189' title='bbox 497 3416 678 3505; x_wconf 87' lang='lat' dir='ltr'><strong>parietibus</strong></span> <span class='ocrx_word' id='word_1_190' title='bbox 698 3427 912 3503; x_wconf 87' lang='lat' dir='ltr'><strong>sparguntur,</strong></span> <span class='ocrx_word' id='word_1_191' title='bbox 934 3421 1125 3487; x_wconf 90' lang='lat' dir='ltr'><strong>dilabuntur</strong></span> <span class='ocrx_word' id='word_1_192' title='bbox 1148 3432 1180 3489; x_wconf 90' lang='lat' dir='ltr'><strong>et</strong></span> <span class='ocrx_word' id='word_1_193' title='bbox 1201 3424 1445 3494; x_wconf 87' lang='lat' dir='ltr'><strong>dissolvuntur</strong></span> 
     </span>
     <span class='ocr_line' id='line_1_25' title="bbox 255 3535 1444 3628; baseline 0.008 -28"><span class='ocrx_word' id='word_1_194' title='bbox 255 3536 437 3624; x_wconf 89' lang='lat' dir='ltr'><strong>paleaeque</strong></span> <span class='ocrx_word' id='word_1_195' title='bbox 459 3536 492 3599; x_wconf 92' lang='lat' dir='ltr'><strong>in</strong></span> <span class='ocrx_word' id='word_1_196' title='bbox 522 3535 574 3599; x_wconf 90' lang='lat' dir='ltr'><strong>his</strong></span> <span class='ocrx_word' id='word_1_197' title='bbox 598 3557 665 3599; x_wconf 93' lang='lat' dir='ltr'><strong>non</strong></span> <span class='ocrx_word' id='word_1_198' title='bbox 691 3535 927 3601; x_wconf 89' lang='lat' dir='ltr'><strong>cohaerescunt</strong></span> <span class='ocrx_word' id='word_1_199' title='bbox 947 3548 1081 3626; x_wconf 90' lang='lat' dir='ltr'><strong>propter</strong></span> <span class='ocrx_word' id='word_1_200' title='bbox 1099 3543 1318 3628; x_wconf 88' lang='lat' dir='ltr'><strong>asperitatem.</strong></span> <span class='ocrx_word' id='word_1_201' title='bbox 1368 3545 1444 3610; x_wconf 86' lang='lat' dir='ltr'><strong>Fa-</strong></span> 
     </span>
    </p>

    <p class='ocr_par' dir='ltr' id='par_1_7' title="bbox 214 3651 1443 4095">
     <span class='ocr_line' id='line_1_26' title="bbox 214 3651 1442 3750; baseline 0.009 -33"><span class='ocrx_word' id='word_1_202' title='bbox 214 3677 241 3718; x_wconf 79' lang='lat'><strong>25</strong></span> <span class='ocrx_word' id='word_1_203' title='bbox 258 3653 367 3718; x_wconf 90' lang='lat' dir='ltr'><strong>ciendi</strong></span> <span class='ocrx_word' id='word_1_204' title='bbox 390 3662 499 3717; x_wconf 91' lang='lat' dir='ltr'><strong>autem</strong></span> <span class='ocrx_word' id='word_1_205' title='bbox 522 3661 599 3717; x_wconf 89' lang='lat' dir='ltr'><strong>sunt</strong></span> <span class='ocrx_word' id='word_1_206' title='bbox 621 3675 663 3717; x_wconf 88' lang='lat' dir='ltr'><strong>ex</strong></span> <span class='ocrx_word' id='word_1_207' title='bbox 690 3661 778 3717; x_wconf 89' lang='lat' dir='ltr'><strong>terra</strong></span> <span class='ocrx_word' id='word_1_208' title='bbox 807 3651 919 3718; x_wconf 90' lang='lat' dir='ltr'><strong>albida</strong></span> <span class='ocrx_word' id='word_1_209' title='bbox 945 3665 1089 3741; x_wconf 89' lang='lat' dir='ltr'><strong>cretosa,</strong></span> <span class='ocrx_word' id='word_1_210' title='bbox 1118 3660 1188 3724; x_wconf 88' lang='lat' dir='ltr'><strong>sive</strong></span> <span class='ocrx_word' id='word_1_211' title='bbox 1215 3659 1256 3724; x_wconf 90' lang='lat' dir='ltr'><strong>de</strong></span> <span class='ocrx_word' id='word_1_212' title='bbox 1283 3662 1442 3750; x_wconf 88' lang='lat' dir='ltr'><strong>rubrica,</strong></span> 
     </span>
     <span class='ocr_line' id='line_1_27' title="bbox 259 3771 1442 3864; baseline 0.009 -29"><span class='ocrx_word' id='word_1_213' title='bbox 259 3774 435 3836; x_wconf 86' lang='lat' dir='ltr'><strong>autetiam</strong></span> <span class='ocrx_word' id='word_1_214' title='bbox 461 3772 607 3837; x_wconf 90' lang='lat' dir='ltr'><strong>masculo</strong></span> <span class='ocrx_word' id='word_1_215' title='bbox 633 3771 808 3855; x_wconf 86' lang='lat' dir='ltr'><strong>sabulcnc;</strong></span> <span class='ocrx_word' id='word_1_216' title='bbox 838 3773 920 3837; x_wconf 91' lang='lat' dir='ltr'><strong>haec</strong></span> <span class='ocrx_word' id='word_1_217' title='bbox 939 3775 1026 3837; x_wconf 90' lang='lat' dir='ltr'><strong>enim</strong></span> <span class='ocrx_word' id='word_1_218' title='bbox 1045 3798 1169 3860; x_wconf 84' lang='lat' dir='ltr'><strong>genera</strong></span> <span class='ocrx_word' id='word_1_219' title='bbox 1192 3787 1327 3864; x_wconf 90' lang='lat' dir='ltr'><strong>propter</strong></span> <span class='ocrx_word' id='word_1_220' title='bbox 1346 3777 1442 3848; x_wconf 90' lang='lat' dir='ltr'><strong>levi-</strong></span> 
     </span>
     <span class='ocr_line' id='line_1_28' title="bbox 257 3889 1443 3984; baseline 0.011 -30"><span class='ocrx_word' id='word_1_221' title='bbox 257 3899 359 3954; x_wconf 85' lang='lat' dir='ltr'><strong>tatem</strong></span> <span class='ocrx_word' id='word_1_222' title='bbox 380 3889 503 3955; x_wconf 88' lang='lat' dir='ltr'><strong>habent</strong></span> <span class='ocrx_word' id='word_1_223' title='bbox 523 3889 725 3972; x_wconf 89' lang='lat' dir='ltr'><strong>firmitatem,</strong></span> <span class='ocrx_word' id='word_1_224' title='bbox 756 3899 789 3954; x_wconf 86' lang='lat' dir='ltr'><strong>et</strong></span> <span class='ocrx_word' id='word_1_225' title='bbox 810 3913 876 3956; x_wconf 92' lang='lat' dir='ltr'><strong>non</strong></span> <span class='ocrx_word' id='word_1_226' title='bbox 897 3900 973 3956; x_wconf 89' lang='lat' dir='ltr'><strong>sunt</strong></span> <span class='ocrx_word' id='word_1_227' title='bbox 996 3893 1031 3956; x_wconf 91' lang='lat' dir='ltr'><strong>in</strong></span> <span class='ocrx_word' id='word_1_228' title='bbox 1052 3915 1150 3980; x_wconf 90' lang='lat' dir='ltr'><strong>opere</strong></span> <span class='ocrx_word' id='word_1_229' title='bbox 1171 3897 1375 3984; x_wconf 91' lang='lat' dir='ltr'><strong>ponderosa,</strong></span> <span class='ocrx_word' id='word_1_230' title='bbox 1404 3913 1443 3967; x_wconf 91' lang='lat' dir='ltr'><strong>et</strong></span> 
     </span>
     <span class='ocr_line' id='line_1_29' title="bbox 257 4008 630 4095; baseline 0.003 -22"><span class='ocrx_word' id='word_1_231' title='bbox 257 4008 400 4075; x_wconf 87' lang='lat' dir='ltr'><strong>faciliter</strong></span> <span class='ocrx_word' id='word_1_232' title='bbox 419 4017 630 4095; x_wconf 83' lang='lat' dir='ltr'><strong>aggerantur.</strong></span> 
     </span>
    </p>
   </div>
   <div class='ocr_carea' id='block_1_7' title="bbox 215 4228 1438 4444">
    <p class='ocr_par' dir='ltr' id='par_1_8' title="bbox 215 4228 1438 4444">
     <span class='ocr_line' id='line_1_30' title="bbox 344 4228 1438 4322; baseline 0.014 -32"><span class='ocrx_word' id='word_1_233' title='bbox 344 4230 374 4291; x_wconf 82' lang='lat'><strong>2.</strong></span> <span class='ocrx_word' id='word_1_234' title='bbox 399 4228 480 4313; x_wconf 82' lang='lat'><strong>(14.)</strong></span> <span class='ocrx_word' id='word_1_235' title='bbox 502 4228 657 4293; x_wconf 91' lang='lat' dir='ltr'><strong>Ducendi</strong></span> <span class='ocrx_word' id='word_1_236' title='bbox 677 4239 786 4295; x_wconf 88' lang='lat' dir='ltr'><strong>autem</strong></span> <span class='ocrx_word' id='word_1_237' title='bbox 809 4239 884 4295; x_wconf 87' lang='lat' dir='ltr'><strong>sunt</strong></span> <span class='ocrx_word' id='word_1_238' title='bbox 905 4254 963 4317; x_wconf 93' lang='lat' dir='ltr'><strong>per</strong></span> <span class='ocrx_word' id='word_1_239' title='bbox 984 4253 1122 4297; x_wconf 87' lang='lat' dir='ltr'><strong>vernum</strong></span> <span class='ocrx_word' id='word_1_240' title='bbox 1142 4243 1268 4322; x_wconf 91' lang='lat' dir='ltr'><strong>tempus</strong></span> <span class='ocrx_word' id='word_1_241' title='bbox 1285 4247 1318 4301; x_wconf 90' lang='lat' dir='ltr'><strong>et</strong></span> <span class='ocrx_word' id='word_1_242' title='bbox 1333 4249 1438 4307; x_wconf 87' lang='lat' dir='ltr'><strong>autu·</strong></span> 
     </span>
     <span class='ocr_line' id='line_1_31' title="bbox 215 4346 1434 4444; baseline 0.012 -36"><span class='ocrx_word' id='word_1_243' title='bbox 215 4371 241 4416; x_wconf 70' lang='lat'><strong>30</strong></span> <span class='ocrx_word' id='word_1_244' title='bbox 258 4346 376 4427; x_wconf 88' lang='lat' dir='ltr'><strong>mnale,</strong></span> <span class='ocrx_word' id='word_1_245' title='bbox 399 4355 435 4409; x_wconf 93' lang='lat' dir='ltr'><strong>ut</strong></span> <span class='ocrx_word' id='word_1_246' title='bbox 457 4367 521 4409; x_wconf 90' lang='lat' dir='ltr'><strong>uno</strong></span> <span class='ocrx_word' id='word_1_247' title='bbox 544 4355 656 4411; x_wconf 89' lang='lat' dir='ltr'><strong>tenore</strong></span> <span class='ocrx_word' id='word_1_248' title='bbox 677 4350 875 4431; x_wconf 82' lang='lat' dir='ltr'><strong>siccescant3</strong></span> <span class='ocrx_word' id='word_1_249' title='bbox 901 4351 956 4434; x_wconf 90' lang='lat' dir='ltr'><strong>qui</strong></span> <span class='ocrx_word' id='word_1_250' title='bbox 974 4351 1062 4414; x_wconf 89' lang='lat' dir='ltr'><strong>enim</strong></span> <span class='ocrx_word' id='word_1_251' title='bbox 1085 4374 1143 4438; x_wconf 89' lang='lat' dir='ltr'><strong>per</strong></span> <span class='ocrx_word' id='word_1_252' title='bbox 1170 4352 1346 4418; x_wconf 89' lang='lat' dir='ltr'><strong>solstitium</strong></span> <span class='ocrx_word' id='word_1_253' title='bbox 1371 4381 1434 4444; x_wconf 86' lang='lat' dir='ltr'><strong>pa-</strong></span> 
     </span>
    </p>
   </div>
   <div class='ocr_carea' id='block_1_8' title="bbox 0 0 1508 5170">
    <p class='ocr_par' dir='ltr' id='par_1_9' title="bbox 0 0 1508 5170">
     <span class='ocr_line' id='line_1_32' title="bbox 0 0 1508 5170; baseline 0 5"><span class='ocrx_word' id='word_1_254' title='bbox 0 0 1508 5170; x_wconf 95' lang='lat' dir='ltr'><strong> </strong></span> 
     </span>
    </p>
   </div>
  </div>
 </body>
</html>
