3008 5162
277 430 338 493 126
779 447 940 494 vrrnuvn

274 605 412 684 possunt
435 617 505 660 esse
528 596 681 684 perfecti,
704 597 808 662 donec
829 599 872 662 ad
894 598 1034 665 alterum
1053 602 1218 668 decussim
1233 608 1434 692 perveniant3

274 716 458 801 singulares
480 715 567 779 enim
587 737 638 779 res
660 714 844 803 particulae
867 727 943 783 sunt
966 720 1037 784 eius
1057 725 1196 788 numeri.

361 839 390 897 6.
413 834 494 921 (12.)
519 833 743 899 Mathematici
769 859 847 903 vero
870 847 983 903 contra
1012 840 1218 927 disputantes
1248 865 1288 907 ea
1319 866 1354 908 re
1374 866 1434 932 per-

276 953 399 1017 fectum
432 952 586 1016 dixerunt
619 975 690 1016 esse
723 977 911 1040 numerum,
945 960 1002 1044 qui
1036 982 1096 1024 sex
1128 960 1265 1046 dicitur,
1299 963 1385 1050 quod
1413 964 1435 1025 is

248 1093 430 1140 enumeras
453 1070 552 1135 habet
572 1073 765 1159 partitiones
788 1095 900 1138 eorum
923 1076 1108 1142 rationibus
1131 1101 1191 1144 sex
1214 1102 1352 1146 numero
1372 1103 1436 1145 con-

275 1193 463 1270 venientes3
486 1189 535 1254 sic
556 1197 740 1255 sextantem
761 1213 878 1276 unum,
900 1196 1054 1260 trientem
1078 1197 1157 1281 duo,
1182 1200 1354 1264 semissem
1371 1201 1435 1282 tria,

276 1313 403 1378 bessem
426 1333 522 1398 quem
542 1310 696 1395 δίμοιρον
715 1308 828 1377 dicunt
850 1321 1004 1400 quatuor,
1027 1315 1228 1401 quintarium
1251 1341 1349 1406 quem
1371 1339 1436 1382 πει-

275 1428 436 1518 τάμοιρον
469 1430 582 1496 dieunt
616 1432 774 1518 quinque,
808 1431 989 1517 perfectum
1018 1455 1088 1498 sex.
1142 1433 1225 1500 Cum
1249 1437 1292 1502 ad
1320 1437 1436 1524 supple-

275 1553 397 1618 tionem
419 1559 545 1617 orescat
556 1599 566 1634 ‚
596 1572 695 1637 supra
718 1571 778 1613 sex
798 1549 927 1615 adiecto
950 1571 1039 1635 asse,
1068 1554 1230 1636 ἒφεκιον;
1262 1578 1337 1620 cum
1358 1555 1436 1619 facta

234 1691 259 1732 ιο
276 1682 352 1739 sunt
372 1681 461 1755 octo,
487 1669 575 1757 quod
599 1678 649 1734 est
674 1670 773 1732 tertia
800 1652 946 1753 adiecta,
978 1672 1177 1756 tertiarium,
1201 1675 1259 1760 qui
1282 1666 1437 1760 ἐπίτριτος

276 1793 412 1874 dicitur3
439 1789 576 1852 dimidia
597 1787 743 1870 adiecta,
771 1809 846 1852 cum
874 1788 1063 1853 factasunt
1090 1813 1225 1872 novem,
1255 1793 1437 1880 sesquialte-
1489 1799 1490 1868 l

274 1931 362 1991 rum,
385 1908 441 1994 qui
462 1897 614 1990 ἡμιόλιος
636 1904 839 1992 appellatur3
869 1906 997 1973 duabus
1020 1907 1170 1994 partibus
1193 1908 1317 1976 additis
1338 1919 1370 1976 et
1391 1909 1436 1974 de·
1489 1875 1490 1962 l

275 2029 363 2094 cussi
394 2026 482 2090 facto
507 2025 638 2090 bessem
666 2022 823 2108 alterum,
852 2047 949 2111 quem
978 2017 1189 2112 ἒιιιδίμοιρον
1216 2031 1378 2114 vocitant3
1408 2030 1436 2092 in

274 2146 427 2211 undecim
466 2164 617 2226 numero,
648 2141 736 2231 quod
771 2142 900 2208 adiecta
931 2153 1008 2209 sunt
1040 2147 1201 2235 quinque,
1235 2149 1435 2235 quintarium,

233 2284 257 2324 rs
275 2288 372 2354 quem
394 2255 601 2348 ἒιιίιιεμιιτον
631 2260 759 2344 dicunt3
788 2261 961 2332 duodecim
987 2272 1114 2349 autem,
1142 2265 1229 2353 quod
1251 2289 1294 2332 ex
1317 2265 1434 2332 duobus

274 2385 417 2451 numeris
441 2382 644 2470 simplicibus
664 2390 713 2446 est
736 2381 885 2464 effectus,
908 2381 1126 2449 διπλασίονα.

360 2511 390 2570 7.
413 2503 495 2590 (13.)
520 2499 595 2565 Non
621 2501 729 2564 minus
757 2501 857 2562 etiam
885 2501 973 2587 quod
1001 2524 1059 2588 pes
1088 2503 1229 2598 hominis
1259 2503 1433 2569 altitudinis

188 2641 190 2646 ·
274 2634 401 2690 sextam
422 2621 523 2687 habet
543 2629 687 2707 partem,
710 2620 757 2682 ita
771 2619 871 2682 etiam
891 2640 934 2682 ex
953 2642 1008 2704 eo,
1032 2619 1120 2709 quod
1137 2622 1306 2708 perficitur
1325 2623 1434 2711 pedum

273 2765 408 2809 numero
431 2742 539 2806 sexies
562 2740 707 2827 eorporis
730 2737 916 2802 altitudinis
937 2740 1143 2823 terminatio,
1168 2762 1242 2805 eum
1262 2741 1435 2828 perfectum

230 2863 529 2942 ro‘constituerunt,
566 2858 775 2944 cubitumque
811 2855 1115 2924 animadverterunt
1152 2881 1195 2923 ex
1232 2881 1294 2925 sex
1327 2859 1435 2945 palmis

272 2978 625 3074 constare-digitisque
645 2975 798 3041 ΧΧΙΠΙ.
842 2975 898 3042 Ex
919 2998 958 3042 eo
988 2977 1087 3041 etiam
1114 2976 1271 3042 videntur
1293 2978 1435 3042 civitates

272 3099 475 3165 Graecorum
500 3096 635 3180 fecisse,
664 3106 717 3178 ut,
746 3094 1020 3182 quemadmodum
1048 3095 1177 3160 cubitus
1205 3102 1255 3160 est
1284 3116 1345 3160 sex
1375 3091 1436 3180 pal·

70 3220 125 3273 s'
271 3240 413 3302 morum,
442 3219 477 3282 in
505 3216 661 3282 drachma
689 3234 818 3302 quoque
845 3234 883 3277 eo
905 3235 1039 3279 numero
1062 3223 1248 3297 uterentur,
1279 3223 1312 3278 et
1330 3233 1435 3278 aereos
1488 3247 1489 3322 q

272 3339 435 3424 signatos,
458 3337 507 3400 uti
530 3358 641 3418 asses,
662 3356 705 3398 ex
725 3353 830 3420 aequo
850 3354 909 3396 sex
930 3355 1011 3420 quos
1030 3333 1142 3399 obolos
1157 3333 1342 3421 appellant,
1366 3353 1435 3420 qua-

227 3475 253 3515 25
272 3455 469 3542 drantesque
489 3453 675 3536 obolorum,
698 3474 781 3539 quae
802 3451 860 3516 alii
883 3451 1032 3517 dichalca
1053 3452 1203 3518 nonnulli
1218 3453 1377 3519 trichalca
1392 3451 1434 3515 di·

270 3583 365 3658 cunt,
385 3595 443 3661 pro
467 3570 581 3657 digitis
604 3563 725 3656 viginti
748 3579 888 3657 quatuor
907 3573 942 3636 in
963 3570 1121 3636 drachma
1143 3571 1364 3638 constituisse.

356 3696 386 3758 8.
411 3692 492 3779 (14.)
514 3691 627 3758 Nostri
648 3698 759 3755 autem
777 3691 882 3776 primo
901 3690 1051 3756 fecerunt
1072 3690 1242 3776 antiquum
1262 3709 1433 3769 numerum,
1488 3681 1489 3751 l

270 3822 303 3878 et
331 3814 366 3878 in
391 3810 525 3875 denario
554 3808 654 3874 denos
683 3830 797 3873 aereos
820 3809 1077 3893 constituerunt,
1108 3817 1140 3873 et
1167 3829 1206 3872 ea
1227 3831 1262 3892 re
1285 3805 1433 3893 composi·

269 3933 392 3996 tionem
421 3927 563 3995 nominis
592 3927 634 3992 ad
662 3926 857 3994 hodiernum
881 3927 968 3992 diem
989 3927 1146 3993 denarius
1167 3927 1305 4010 retinet3
1331 3926 1433 3992 etiam·

225 4073 333 4138 enque
356 4059 505 4138 quartam
528 4056 670 4136 partem,
692 4048 780 4136 quod
801 4047 1006 4112 efficiebatur
1029 4069 1073 4110 ex
1100 4043 1226 4109 duobus
1256 4044 1386 4110 assibus
1405 4048 1434 4104 et

269 4170 366 4233 tertio
385 4169 538 4250 semisse,
562 4168 749 4232 sestertium
770 4169 1008 4233 vocitaverunt.
1053 4164 1273 4251 Posteaquam
1297 4159 1433 4228 animad-

268 4295 438 4351 verterunt
459 4294 615 4372 utrosque
637 4306 789 4350 numeros
813 4307 885 4350 esse
903 4285 1082 4372 perfectos,
1113 4292 1145 4347 et
1175 4305 1235 4347 sex
1263 4290 1296 4346 et
1319 4281 1432 4358 decem,
1487 4319 1488 4366 1

268 4410 424 4489 utrosque
453 4406 486 4470 in
518 4426 619 4467 unum
655 4405 879 4485 coniecerunt,
917 4412 950 4467 et
984 4402 1134 4467 fecerunt
1167 4399 1434 4488 perfectissimum
