3008 5162
270 368 329 430 104
766 372 922 420 vrrsuvu

267 531 443 620 liquo'rem3
462 529 523 594 'sed
546 529 676 614 fugiens
699 527 740 591 ab
766 525 899 589 humore
919 525 1044 589 resistit
1067 534 1100 589 et
1124 533 1309 611 torquetur,
1331 532 1358 587 et
1375 524 1430 586 ef-

267 651 346 734 ficit,
369 651 404 712 in
427 647 544 734 quibus
567 655 617 711 est
640 645 803 732 operibus
826 665 864 708 ea
883 644 1014 708 rimosa.

353 889 384 949 9.
405 885 568 948 Aesculus
589 906 693 966 vero,¹
709 882 796 970 quod
819 892 868 948 est
888 884 1038 949 omnibus
1055 882 1229 969 principiis
1246 889 1432 967 temperata,

268 1005 371 1090 habet
387 1005 422 1066 in
443 1002 602 1066 aedificiis
625 1023 761 1086 magnas
783 1003 958 1084 utilitates3
983 1001 1042 1065 sed
1066 1023 1121 1084 ea,
1150 1023 1225 1064 cum
1247 1002 1282 1064 in
1301 999 1433 1062 humore

238 1122 463 1205 scollocatur,
492 1121 654 1207 recipiens
684 1121 814 1206 penitus
842 1143 901 1207 per
933 1121 1096 1185 foramina
1127 1120 1302 1206 liquorem,
1331 1121 1433 1182 eiecto

269 1249 344 1306 atre
367 1249 399 1304 et
419 1240 501 1324 igni,
525 1240 713 1324 operatione
734 1238 888 1302 humidae
909 1240 1080 1326 potestatis
1103 1239 1251 1304 vitiatur.

355 1478 436 1565 (54.)
462 1477 599 1560 Corma,
627 1477 760 1560 farnus,
790 1477 907 1562 fagus,
938 1475 1025 1561 q'uod
1055 1477 1179 1562 pariter
1205 1474 1327 1540 habent
1353 1475 1434 1536 mix-

268 1599 389 1676 tionem
409 1597 564 1688 humoris¹
577 1605 609 1658 et
635 1597 722 1680 ignis
742 1605 775 1660 et
797 1595 934 1675 terreni,
958 1595 1044 1658 atris
1066 1595 1259 1680 plurimum,
1280 1615 1338 1679 per
1361 1613 1436 1655 suas

269 1716 418 1779 raritates
437 1713 589 1779 humores
611 1715 740 1800 penitus
759 1712 947 1798 recipiendo
973 1711 1123 1776 celeriter
1141 1719 1357 1774 marcescunt.

227 1987 252 2028 10
354 1949 499 2035 Populus
521 1948 597 2012 alba
626 1958 659 2013 et
679 1951 789 2034 nigra,
818 1951 895 2014 item
924 1949 1024 2032 salix,
1052 1948 1144 2032 tilia,
1174 1949 1267 2012 vitex
1291 1949 1376 2034 ignis
1405 1955 1437 2010 et

270 2071 355 2134 aeris
375 2066 526 2132 habendo
554 2069 755 2151 satietatem,
787 2069 933 2132 humoris
961 2076 1156 2154 temperate,
1188 2088 1304 2152 parum
1330 2074 1436 2129 antem

270 2187 393 2250 terreni
424 2186 599 2268 habentes,
633 2185 757 2251 leviore
784 2196 1005 2274 temperatura
1031 2193 1241 2271 'comparatae
1271 2185 1436 2270 egregiam

272 2304 395 2368 habere
416 2301 571 2370 videntur
589 2305 624 2368 in
646 2327 709 2368 usu
723 2307 933 2391 rigiditatem.
980 2305 1068 2389 Ergo
1083 2327 1157 2368 cum
1173 2327 1238 2368 non
1254 2305 1319 2367 sint
1339 2303 1437 2366 durae

269 2423 392 2488 terreni
413 2423 588 2506 mixtione,
616 2432 749 2509 propter
770 2425 937 2489 raritatem
967 2432 1043 2488 sunt
1065 2422 1224 2486 candidae
1244 2405 1281 2487 ¹et
1304 2423 1338 2486 in
1356 2418 1436 2485 scul-

228 2565 253 2606 15
270 2542 374 2628 pturis
397 2543 598 2607 commodam
619 2551 788 2628 praestant
808 2542 1084 2606 tractabilitatem.
1498 2519 1499 2524 ἵ

360 2779 408 2838 10.
434 2777 515 2862 (55.)
535 2777 642 2842 Alnus
658 2789 776 2864 autem,
800 2803 881 2867 quae
906 2781 1057 2867 proxima
1077 2778 1248 2842 fluminum
1267 2779 1347 2864 ripis
1367 2798 1438 2863 pro·

271 2901 416 2974 creatur,
438 2900 470 2955 et
491 2895 623 2959 minime
646 2901 799 2963 materies
822 2899 914 2962 utilis
936 2891 1084 2981 videtur,
1112 2897 1211 2961 habet
1232 2878 1268 2960 in
1291 2919 1325 2960 se
1349 2916 1437 2980 egre-

272 3013 344 3096 gias
366 3011 521 3075 rationes.
566 3013 627 3078 Est
647 3018 734 3079 enim
754 3025 829 3080 aere
853 3025 886 3080 ct
908 3017 978 3100 igni
998 3017 1137 3102 plurimo
1160 3023 1350 3101 temperata,
1374 3034 1436 3076 non

272 3127 409 3191 multum
437 3135 582 3213 terreno,
609 3131 745 3197 humore
770 3134 878 3220 paulo.
923 3134 1039 3220 Itaque
1063 3136 1099 3197 in
1130 3133 1331 3220 palustribus
1358 3132 1436 3197 locis

228 3262 254 3302 2⁰
272 3247 359 3310 infra
378 3245 591 3311 fundamenta
614 3249 837 3314 aedificiorum
864 3253 1084 3338 palationibus
1108 3253 1222 3317 crebre
1245 3253 1329 3335 fixa,
1359 3249 1436 3315 reci-

270 3367 363 3451 piens
386 3367 477 3431 inse
499 3367 712 3452 quodminus
739 3369 842 3452 habet
870 3372 904 3433 in
932 3393 1065 3458 corpore
1088 3370 1239 3458 liquoris,
1271 3375 1436 3456 permanet

272 3485 463 3549 immortalis
483 3485 526 3548 ad
547 3486 788 3568 aeternitatem,
812 3495 844 3550 et
860 3488 999 3552 sustinet
1016 3490 1173 3552 immania
1195 3487 1341 3575 pondera
1357 3495 1435 3550 stru-

272 3611 398 3686 cturae,
424 3612 457 3667 et
485 3605 555 3667 sine
582 3605 673 3667 vitiis
700 3613 881 3668 conservat.
926 3606 978 3669 Ita
1006 3629 1088 3693 quae
1115 3629 1182 3670 non
1214 3614 1323 3693 potest
1346 3613 1434 3668 extra

272 3729 392 3784 terram
413 3720 547 3807 paulum
570 3730 698 3808 tempus
721 3722 854 3818 durare,
879 3744 917 3786 ea
935 3724 970 3785 in
989 3722 1123 3787 humore
1138 3723 1255 3802 obruta
1270 3725 1435 3810 permanet

228 3853 254 3892 2⁵
272 3839 314 3902 ad
339 3838 595 3903 diuturnitatem.
644 3844 692 3903 11.
715 3839 778 3904 Est
799 3849 908 3904 autem
929 3845 1071 3905 maxime
1091 3843 1124 3907 id
1148 3840 1356 3906 considerare
1377 3841 1435 3903 Ra·

272 3979 414 4040 vennae,
438 3957 526 4043 quod
547 3958 594 4022 ibi
616 3960 725 4022 omnia
748 3980 846 4046 opera
870 3967 902 4022 et
922 3959 1054 4045 publica
1077 3969 1109 4023 et
1130 3960 1261 4044 privata
1285 3959 1347 4023 sub
1370 3959 1434 4022 fun·

273 4072 434 4139 dumentis
459 4077 528 4139 eius
549 4076 679 4160 generis
701 4077 825 4141 habent
844 4075 948 4164 palos

285 4327 287 4334 ’
359 4309 441 4398 (56.)
461 4312 579 4378 Ulmus
607 4335 684 4378 vero
713 4323 746 4379 et
771 4316 922 4382 fraxinus
952 4317 1113 4380 maximos
1136 4312 1258 4378 habent
1279 4314 1435 4388 humores,
