3028 5164
274 409 335 470 214
780 413 938 462 vrrauvn

275 577 363 640 enim
383 576 470 650 inter
497 570 561 635 duo
581 567 770 650 intervalla,
801 589 875 631 curn
906 563 1100 630 chordarum
1128 560 1255 625 sonitus
1277 567 1338 623 aut
1364 559 1487 624 vocis

276 701 389 757 cantus
411 690 519 754 sactus
542 688 657 769 fuerit,
680 708 741 749 nec
763 686 798 748 in
819 685 916 748 tertia
934 689 991 746 aut
1011 689 1106 744 sexta
1133 688 1189 743 aut
1212 680 1359 765 septima
1385 699 1484 762 pos-

276 819 353 875 sunt
375 807 607 874 consonantiae
628 802 716 884 fieri3
738 802 795 865 sed
820 803 866 864 uti
888 822 988 887 supra
1010 800 1168 883 seriptum
1191 804 1258 880 est,
1287 795 1481 859 diatessa-

277 951 336 993 ron
369 934 401 990 et
430 925 582 1010 diapente
611 928 644 984 et
671 941 714 984 ex
742 919 856 983 ordine
884 918 927 982 ad
955 917 1170 1002 disdiapason
1196 914 1478 980 convenientiae

246 1072 257 1110 5
277 1067 320 1109 ex
342 1053 459 1107 natura
480 1041 572 1106 vocis
592 1045 807 1124 congruentes
828 1036 950 1100 habent
978 1034 1162 1114 finitiones3
1192 1039 1224 1095 et
1251 1031 1282 1093 ei
1309 1053 1476 1094 concen-

262 1171 329 1224 -tus
350 1157 561 1246 procreantur
583 1179 625 1220 ex
646 1154 874 1219 coniunctione
898 1154 1078 1234 sonituum,
1102 1152 1158 1238 qui
1184 1150 1310 1215 Graece
1336 1142 1477 1232 φθόγ-

278 1301 333 1361 γοι
352 1277 515 1341 dicuntur.

664 1505 869 1572 CAPUT
907 1505 965 1568 VI.
992 1506 1062 1591 (V.)
1097 1579 1100 1584 Δ

368 1753 395 1811 1.
421 1749 503 1834 (34.)
536 1748 588 1811 Ita
616 1771 659 1810 ex
687 1746 739 1809 his
766 1741 1033 1829 indagationibus
1057 1741 1294 1805 mathematicis
1317 1743 1466 1806 rationi-

241 1889 263 1928 ιο
279 1865 341 1928 bus
365 1864 445 1928 fiant
470 1831 552 1928 vasa
574 1885 671 1928 aerea
692 1884 751 1948 pro
775 1861 902 1925 ratione
925 1860 1163 1943 magnitudinis
1185 1860 1324 1942 theatri,
1349 1882 1465 1945 eaque

281 1984 327 2044 ita
357 1979 573 2062 fabricentur,
604 1989 656 2062 ut,
692 2001 774 2053 cum
795 1986 989 2061 tangantur,
1019 1979 1159 2042 sonitum
1188 1978 1297 2041 facere
1324 1979 1464 2062 possint

281 2100 367 2162 inter
397 2119 431 2160 se
461 2097 681 2179 diatessaron,
712 2096 865 2183 diapente
895 2103 926 2159 et
953 2117 996 2158 ex
1024 2093 1138 2158 ordine
1165 2094 1208 2157 ad
1228 2094 1460 2182 disdiapason.

284 2217 365 2301 (35.)
387 2215 507 2280 Postea
528 2216 614 2280 inter
638 2214 733 2279 sedes
755 2215 875 2278 theatri
897 2213 1082 2278 constitutis
1106 2211 1213 2295 cellis,
1236 2214 1364 2276 ratione
1382 2237 1459 2276 rnu-

284 2335 353 2397 sica
374 2333 420 2398 ibi
438 2333 638 2397 collocentur
659 2335 721 2415 ita,
744 2332 792 2396 uti
809 2331 933 2395 nullum
948 2331 1106 2417 parietem
1122 2337 1275 2415 tangant,
1300 2332 1459 2416 circaque

241 2452 427 2519 rehabeant
447 2450 553 2514 locum
575 2474 717 2515 vacuum
745 2459 777 2514 et
803 2449 844 2513 ab
868 2471 992 2512 summo
1017 2449 1123 2534 capite
1147 2448 1307 2533 spatium3
1330 2470 1457 2533 ponan-

284 2578 401 2655 turque
422 2570 569 2646 inversa,
594 2577 625 2632 et
647 2569 792 2633 habeant
809 2568 844 2629 in
865 2573 974 2651 parte,
997 2587 1080 2651 quae
1103 2574 1230 2652 spectat
1252 2565 1294 2630 ad
1312 2587 1455 2650 scenam,

287 2689 470 2772 suppositos
501 2706 621 2748 cuneos
649 2707 690 2748 ne
718 2686 825 2747 minus
854 2683 937 2748 altos
973 2683 1153 2771 semipede3
1187 2693 1362 2770 contraque
1395 2706 1454 2748 eas

287 2801 385 2866 cellas
413 2800 640 2885 relinquantur
667 2810 839 2886 aperturae
870 2801 1062 2866 inferiorum
1094 2802 1256 2886 graduum
1289 2802 1453 2868 cubilibus

244 2948 248 2965 ι
287 2917 404 3001 longae
426 2917 526 3003 pedes
548 2916 628 2998 duo,
651 2915 737 2980 altae
760 2920 967 3003 semipedem.

244 3177 270 3217 20
373 3152 402 3212 2.
436 3148 693 3232 Designationes
726 3159 834 3214 autem
868 3173 994 3235 eorum,
1023 3155 1140 3239 quibus
1168 3157 1203 3218 in
1231 3155 1311 3220 locis
1336 3159 1451 3221 consti-

288 3278 438 3352 tuantur,
472 3269 519 3332 sic
548 3269 762 3356 explicentur.
810 3269 892 3354 (36.)
922 3267 958 3333 Si
985 3292 1051 3334 non
1080 3274 1141 3335 erit
1163 3273 1271 3361 ampla
1293 3276 1449 3358 magnitu-

290 3388 365 3452 dine
387 3365 564 3470 theatrum,
593 3386 702 3450 media
724 3386 897 3451 altitudine
919 3395 1108 3451 transversa
1135 3390 1226 3474 regio
1255 3392 1446 3475 designetur,

290 3516 322 3570 et
343 3507 377 3569 in
400 3528 439 3569 ea
459 3506 615 3570 tredecim
645 3504 763 3589 cellae,
793 3504 964 3569 duodecim
990 3490 1181 3591 aequahbus
1205 3506 1379 3572 intervallis
1401 3508 1446 3570 di-

292 3630 415 3686 stantes
435 3621 717 3704 confornieentur,
740 3625 789 3686 uti
813 3644 851 3685 ea
872 3621 988 3705 echea,
1008 3645 1091 3708 quae
1105 3624 1214 3709 'supra
1231 3626 1348 3710 scripta
1364 3633 1444 3706 sunt,

246 3772 272 3810 25
290 3741 333 3805 ad
354 3749 452 3804 neten
473 3740 717 3827 hyperbolaeon
739 3741 888 3803 sonantia
910 3740 945 3802 in
966 3740 1073 3823 cellis,
1097 3763 1180 3827 quae
1204 3748 1280 3804 sunt
1300 3742 1332 3804 in
1350 3744 1445 3804 corni·

292 3859 351 3923 bus
375 3859 545 3940 extremis,
579 3855 716 3944 utraque
744 3865 835 3943 parte
864 3859 971 3943 prima
996 3858 1212 3942 collocentur,
1248 3859 1381 3923 secunda
1403 3861 1443 3924 ab

291 3977 446 4041 extremis
470 3975 673 4040 diatessaron
695 3976 737 4039 ἃᾶ
764 3985 861 4039 neten
884 3977 1159 4061 diezeugmenon3
1182 3978 1280 4040 tertia
1302 3976 1443 4041 diatessa-

291 4117 352 4159 ron
372 4093 414 4157 ad
435 4115 643 4179 paramesen3
667 4102 783 4180 quarta
804 4095 847 4157 ἃᾶ
867 4103 965 4159 neten
988 4117 1239 4182 synemmenon3
1262 4097 1367 4182 quinta
1380 4095 1442 4159 dia-

291 4219 438 4276 tessaron
461 4210 503 4274 ad
525 4234 651 4293 mesen;
680 4220 775 4275 sexta
796 4213 1004 4278 diatessaron
1032 4212 1075 4276 ἃᾶ
1099 4211 1245 4299 hypaten
1269 4234 1385 4294 meson,
1409 4214 1441 4276 in

248 4328 399 4392 remedio
430 4349 531 4391 unum
565 4328 770 4393 diatessaron
798 4328 841 4392 ad
870 4330 1013 4416 hypaten
1041 4331 1197 4419 hypaton.
1243 4334 1273 4394 3.
1296 4329 1367 4416 (37.)
1394 4331 1440 4396 Ita
