3008 5162
262 383 321 446 100
760 391 919 438 vrrauvu

256 569 322 612 non
355 545 542 610 iudicantur
576 545 722 629 integra3
757 566 863 630 neque
891 545 927 608 in
960 542 1133 608 venalibus
1159 565 1213 626 ea,
1247 565 1330 608 cum
1361 551 1430 605 sunt

255 665 488 751 praegnantis,
519 669 730 748 praestantur
752 684 849 741 sana,
875 661 950 726 ideo
976 661 1064 748 quod
1086 663 1121 725 in
1145 684 1285 748 corpore
1306 683 1431 748 praese-

256 783 393 846 minatio
421 803 572 846 crescens
610 803 652 845 ex
684 780 835 846 omnibus
863 781 930 844 cibi
955 781 1173 866 potestatibus
1200 779 1354 846 detrahit
1382 778 1432 841 ali-

256 909 401 964 mentum
421 901 527 984 inse,
551 909 583 964 et
601 921 664 986 quo
687 900 810 963 firmior
832 897 974 963 efficitur
996 899 1038 964 ad
1059 903 1284 965 maturitatem
1309 909 1431 986 pertua,

1491 829 1493 950 l

226 1042 295 1088 seo
320 1021 428 1083 minus
455 1021 579 1105 patitur
604 1040 677 1083 esse
698 1017 838 1083 solidum
864 1017 915 1100 id,
947 1039 989 1082 ex
1011 1041 1075 1105 quo
1098 1022 1205 1105 ipsum
1226 1025 1431 1108 procreatur.
1492 1061 1493 1066 η

255 1138 373 1234 ¹Itaque
396 1139 483 1202 edito
506 1137 612 1220 foetu,
640 1137 728 1223 quod
755 1137 846 1222 prius
869 1137 904 1198 in
924 1135 1013 1200 aliud
1037 1161 1141 1222 genus
1161 1138 1364 1202 incrementi
1385 1135 1432 1198 de-

256 1257 448 1322 trahebatur
475 1278 550 1320 cum
584 1256 637 1348 ab
655 1255 876 1340 disparatione
905 1257 1138 1342 procreationis
1166 1267 1216 1322 est
1245 1256 1430 1332 liberatum,
1492 1311 1493 1316 ,

257 1375 411 1440 inanibus
442 1384 475 1440 et
500 1373 687 1462 patentibus
715 1373 809 1436 venis
836 1373 872 1435 in
901 1394 935 1435 se
964 1375 1127 1458 recipiens
1152 1375 1335 1440 lambendo
1367 1391 1431 1434 suc-

258 1515 332 1556 cum
361 1494 408 1556 ita
440 1492 608 1557 solidescit
641 1501 672 1554 et
703 1487 789 1553 redit
818 1488 854 1551 in
875 1489 1047 1574 pristinam
1068 1501 1207 1557 naturae
1229 1493 1430 1556 firmitatem.

215 1614 288 1673 1⁰2.
307 1609 386 1696 (48.)
404 1610 531 1674 Eadem
549 1611 677 1673 ratione
693 1605 873 1670 autumnali
893 1618 1037 1695 tempore
1057 1613 1248 1675 maturitate
1265 1611 1428 1674 fructuum

1491 1635 1493 1712 l

256 1727 469 1791 flaccescente
492 1727 625 1810 fronde,
656 1748 699 1790 ex
728 1733 815 1788 terra
842 1727 1038 1813 recipientes
1060 1751 1118 1815 per
1139 1728 1270 1793 radices
1296 1727 1429 1790 arbores
1492 1713 1493 1776 l

258 1851 293 1908 in
315 1868 350 1909 se
372 1867 506 1908 succum
533 1851 767 1930 recuperantur
794 1851 826 1906 et
852 1845 1071 1910 restituuntur
1098 1847 1133 1911 in
1161 1849 1335 1933 antiquam
1360 1842 1428 1908 soli-

259 1963 405 2026 ditatem.
450 1965 496 2026 At
518 1984 597 2027 vero
622 1963 707 2025 aeris
736 1960 867 2025 hiberni
894 1964 947 2026 vis
980 1965 1166 2051 comprimit
1192 1973 1225 2029 et
1247 1961 1429 2030 consolidat

259 2102 315 2144 eas
339 2102 398 2166 per
424 2079 474 2164 id,
503 2088 661 2166 utsupra
685 2080 841 2166 scriptum
872 2089 936 2164 est,
964 2090 1102 2170 tempus.
1148 2085 1239 2170 Ergo
1268 2086 1297 2147 si
1319 2105 1361 2147 ea
1382 2061 1426 2144 ra-

216 2221 240 2260 n
258 2199 346 2262 tione
370 2206 403 2261 ct
424 2219 462 2261 eo
483 2205 646 2285 tempore,
670 2197 758 2284 quod
787 2207 837 2262 est
864 2202 1163 2287 suprascriptum,
1192 2203 1344 2267 caeditur
1365 2218 1424 2262 nra-

258 2308 369 2401 teries,
390 2319 453 2382 erit
471 2318 678 2402 tempestiva.

344 2627 373 2688 3.
401 2623 482 2709 (49.)
509 2623 613 2687 Caedi
633 2627 749 2720 'autem
780 2623 827 2686 ita
853 2630 993 2708 oportet,
1027 2624 1076 2688 uti
1108 2623 1274 2690 incidatur
1302 2622 1422 2691 arboris
1490 2627 1492 2632 '

259 2741 442 2804 crassitudo
466 2741 509 2804 ad
530 2741 670 2804 mediam
691 2741 884 2824 medullam,
916 2750 948 2805 et
969 2740 1187 2829 relinquatur,
1209 2747 1259 2808 uti
1280 2764 1422 2831 peream

259 2860 460 2922 exsiccescat
487 2857 642 2921 stillando
667 2882 794 2924 succus.
844 2859 896 2922 Ita
921 2861 978 2944 qui
1005 2859 1091 2924 inest
1119 2863 1154 2925 in
1177 2861 1272 2926 venis
1302 2859 1421 2926 inutilis

214 2997 241 3037 ao
258 2974 366 3060 liquor
384 2974 522 3040 effluens
545 2999 604 3062 per
622 2977 766 3041 torulum
789 3000 855 3043 non
874 2979 1016 3062 patietur
1040 2981 1141 3044 emori
1168 2979 1204 3042 in
1233 3000 1271 3043 eo
1290 2981 1419 3057 saniem,
1489 2965 1490 2974 ¹

257 3115 318 3157 nec
341 3097 504 3181 corrumpi
525 3096 681 3160 materiae
705 3096 906 3182 qualitatem.
952 3096 1036 3159 Tum
1056 3106 1164 3161 autem
1192 3121 1265 3162 cum
1286 3101 1373 3164 sicca
1393 3101 1421 3158 et

257 3213 328 3276 sine
352 3213 449 3278 stillis
472 3215 534 3278 erit
555 3214 661 3296 arbor,
685 3214 859 3280 deiiciatur
882 3224 913 3279 et
934 3217 981 3279 ita
1001 3217 1063 3280 erit
1084 3217 1206 3301 optima
1229 3218 1264 3280 in
1283 3241 1353 3282 usu.

342 3499 373 3560 4.
398 3497 479 3583 (50.)
503 3495 575 3562 Hoc
598 3508 706 3563 autem
733 3500 780 3563 ita
808 3491 901 3584 esse,
917 3548 919 3552 -
933 3491 1010 3598 licet
1040 3506 1300 3572 animadvertere
1326 3508 1417 3570 ctiam

259 3614 299 3677 de
322 3614 484 3697 arbustis3
508 3637 548 3678 ea
566 3617 652 3679 enim
674 3639 748 3680 cum
772 3639 830 3681 suo
855 3641 983 3706 quoquc
1005 3631 1149 3711 tempore
1169 3625 1212 3688 ad
1233 3625 1334 3689 imum
1353 3642 1415 3710 per·
1490 3661 1491 3710 3

215 3758 240 3796 25
259 3730 365 3794 forata
388 3738 589 3816 castrantur,
610 3734 813 3819 profundunt
836 3759 853 3800 e
873 3719 1166 3827 medullis1,.'quem
1188 3743 1311 3808 habent
1332 3744 1365 3805 in
1385 3757 1415 3800 se

259 3858 467 3935 superantem
495 3858 527 3914 et
552 3850 705 3915 vitiosum
733 3875 792 3937 per
811 3855 971 3919 foramina
993 3846 1171 3944 liquorem,
1203 3867 1236 3925 et
1259 3863 1306 3924 ita
1325 3861 1414 3923 sicce-

259 3966 379 4031 scendo
399 3968 562 4054 recipiunt
582 3969 616 4032 in
635 3990 670 4032 se
692 3968 949 4039 diuturnitatem.
996 3948 1192 4056 Quijautem
1214 4000 1280 4041 non
1302 3977 1414 4042 habent

259 4107 301 4148 ex
323 4085 495 4151 arboribus
521 4087 629 4150 exitus
657 4088 825 4173 humores,
852 4093 938 4157 intra
960 4105 1208 4160 concrescentes
1233 4099 1415 4183 putrescunt

258 4210 291 4264 et
314 4202 461 4268 efficiunt
481 4205 595 4268 inanes
624 4224 678 4269 eas
702 4215 735 4271 et
759 4209 904 4274 vitiosas.
949 4211 1038 4298 Ergo
1065 4215 1094 4276 si
1122 4223 1247 4279 stantes
1274 4224 1307 4280 et
1327 4215 1413 4280 vivae

215 4340 241 4382 oo
260 4320 468 4386 siccescendo
487 4344 554 4387 non
572 4333 760 4408 senescunt,
784 4327 854 4391 sine
871 4327 988 4411 dubio,
1009 4349 1082 4392 cunr
1097 4331 1139 4394 ad
1154 4333 1324 4397 materiam
1344 4330 1414 4396 deii·
