<?xml version="1.0" encoding="UTF-8"?>
<!DOCTYPE html PUBLIC "-//W3C//DTD XHTML 1.0 Transitional//EN"
    "http://www.w3.org/TR/xhtml1/DTD/xhtml1-transitional.dtd">
<html xmlns="http://www.w3.org/1999/xhtml" xml:lang="en" lang="en">
 <head>
  <title>
</title>
<meta http-equiv="Content-Type" content="text/html;charset=utf-8" />
  <meta name='ocr-system' content='tesseract 3.04.00' />
  <meta name='ocr-capabilities' content='ocr_page ocr_carea ocr_par ocr_line ocrx_word'/>
</head>
<body>
  <div class='ocr_page' id='page_1' title='image "./marcivitruviipo00loregoog_0042.png"; bbox 0 0 3006 5170; ppageno 0'>
   <div class='ocr_carea' id='block_1_1' title="bbox 261 411 921 472">
    <p class='ocr_par' dir='ltr' id='par_1_1' title="bbox 261 411 921 472">
     <span class='ocr_line' id='line_1_1' title="bbox 261 411 921 472; baseline -0.011 -1"><span class='ocrx_word' id='word_1_1' title='bbox 261 411 300 472; x_wconf 77' lang='lat'><strong>34</strong></span> <span class='ocrx_word' id='word_1_2' title='bbox 762 419 921 466; x_wconf 82' lang='lat' dir='ltr'><strong>vrrnuvu</strong></span> 
     </span>
    </p>
   </div>
   <div class='ocr_carea' id='block_1_2' title="bbox 224 570 1458 2671">
    <p class='ocr_par' dir='ltr' id='par_1_2' title="bbox 260 570 1458 994">
     <span class='ocr_line' id='line_1_2' title="bbox 260 570 1456 661; baseline -0.006 -21"><span class='ocrx_word' id='word_1_3' title='bbox 260 585 336 640; x_wconf 91' lang='lat' dir='ltr'><strong>tem.</strong></span> <span class='ocrx_word' id='word_1_4' title='bbox 382 574 463 661; x_wconf 68' lang='lat'><strong>(39.)</strong></span> <span class='ocrx_word' id='word_1_5' title='bbox 490 573 617 654; x_wconf 78' lang='lat' dir='ltr'><strong>Quibus</strong></span> <span class='ocrx_word' id='word_1_6' title='bbox 640 581 749 636; x_wconf 89' lang='lat' dir='ltr'><strong>autem</strong></span> <span class='ocrx_word' id='word_1_7' title='bbox 767 572 947 636; x_wconf 81' lang='lat' dir='ltr'>insidentes</span> <span class='ocrx_word' id='word_1_8' title='bbox 967 579 1043 634; x_wconf 79' lang='lat' dir='ltr'><strong>sunt</strong></span> <span class='ocrx_word' id='word_1_9' title='bbox 1064 570 1218 657; x_wconf 88' lang='lat' dir='ltr'><strong>paludes,</strong></span> <span class='ocrx_word' id='word_1_10' title='bbox 1242 578 1275 634; x_wconf 90' lang='lat' dir='ltr'><strong>et</strong></span> <span class='ocrx_word' id='word_1_11' title='bbox 1296 593 1371 635; x_wconf 93' lang='lat' dir='ltr'><strong>non</strong></span> <span class='ocrx_word' id='word_1_12' title='bbox 1393 570 1456 633; x_wconf 85' lang='lat' dir='ltr'><strong>ha-</strong></span> 
     </span>
     <span class='ocr_line' id='line_1_3' title="bbox 260 687 1455 777; baseline -0.005 -20"><span class='ocrx_word' id='word_1_13' title='bbox 260 695 341 758; x_wconf 90' lang='lat' dir='ltr'><strong>bent</strong></span> <span class='ocrx_word' id='word_1_14' title='bbox 369 693 476 755; x_wconf 86' lang='lat' dir='ltr'><strong>exitus</strong></span> <span class='ocrx_word' id='word_1_15' title='bbox 506 689 705 776; x_wconf 88' lang='lat' dir='ltr'><strong>profluentes</strong></span> <span class='ocrx_word' id='word_1_16' title='bbox 726 711 835 776; x_wconf 89' lang='lat' dir='ltr'><strong>neque</strong></span> <span class='ocrx_word' id='word_1_17' title='bbox 855 710 914 775; x_wconf 90' lang='lat' dir='ltr'><strong>per</strong></span> <span class='ocrx_word' id='word_1_18' title='bbox 941 687 1079 753; x_wconf 90' lang='lat' dir='ltr'><strong>flumina</strong></span> <span class='ocrx_word' id='word_1_19' title='bbox 1108 712 1214 777; x_wconf 91' lang='lat' dir='ltr'><strong>neque</strong></span> <span class='ocrx_word' id='word_1_20' title='bbox 1235 711 1296 774; x_wconf 91' lang='lat' dir='ltr'><strong>per</strong></span> <span class='ocrx_word' id='word_1_21' title='bbox 1320 688 1455 770; x_wconf 88' lang='lat' dir='ltr'><strong>fossas,</strong></span> 
     </span>
     <span class='ocr_line' id='line_1_4' title="bbox 262 807 1458 896; baseline -0.004 -21"><span class='ocrx_word' id='word_1_22' title='bbox 262 812 311 875; x_wconf 90' lang='lat' dir='ltr'><strong>uti</strong></span> <span class='ocrx_word' id='word_1_23' title='bbox 333 811 540 896; x_wconf 82' lang='lat' dir='ltr'><strong>Pomptinae,</strong></span> <span class='ocrx_word' id='word_1_24' title='bbox 563 807 679 872; x_wconf 90' lang='lat' dir='ltr'><strong>stando</strong></span> <span class='ocrx_word' id='word_1_25' title='bbox 702 815 893 894; x_wconf 88' lang='lat' dir='ltr'><strong>putrescunt</strong></span> <span class='ocrx_word' id='word_1_26' title='bbox 914 815 947 871; x_wconf 92' lang='lat' dir='ltr'><strong>et</strong></span> <span class='ocrx_word' id='word_1_27' title='bbox 968 807 1120 872; x_wconf 89' lang='lat' dir='ltr'><strong>humores</strong></span> <span class='ocrx_word' id='word_1_28' title='bbox 1144 830 1263 892; x_wconf 88' lang='lat' dir='ltr'><strong>graves</strong></span> <span class='ocrx_word' id='word_1_29' title='bbox 1286 817 1319 872; x_wconf 90' lang='lat' dir='ltr'><strong>et</strong></span> <span class='ocrx_word' id='word_1_30' title='bbox 1340 809 1458 894; x_wconf 88' lang='lat' dir='ltr'><strong>pesti-</strong></span> 
     </span>
     <span class='ocr_line' id='line_1_5' title="bbox 263 918 1021 994; baseline -0.004 0"><span class='ocrx_word' id='word_1_31' title='bbox 263 931 366 994; x_wconf 88' lang='lat' dir='ltr'><strong>lentes</strong></span> <span class='ocrx_word' id='word_1_32' title='bbox 386 931 421 992; x_wconf 92' lang='lat' dir='ltr'><strong>in</strong></span> <span class='ocrx_word' id='word_1_33' title='bbox 442 929 493 991; x_wconf 91' lang='lat' dir='ltr'><strong>his</strong></span> <span class='ocrx_word' id='word_1_34' title='bbox 515 926 595 992; x_wconf 87' lang='lat' dir='ltr'><strong>locis</strong></span> <span class='ocrx_word' id='word_1_35' title='bbox 615 929 777 992; x_wconf 90' lang='lat' dir='ltr'><strong>emittunt.</strong></span> <span class='ocrx_word' id='word_1_36' title='bbox 1017 918 1021 928; x_wconf 68' lang='grc'>’</span> 
     </span>
    </p>

    <p class='ocr_par' dir='ltr' id='par_1_3' title="bbox 233 1043 1458 1608">
     <span class='ocr_line' id='line_1_6' title="bbox 233 1043 1457 1134; baseline -0.004 -21"><span class='ocrx_word' id='word_1_37' title='bbox 233 1074 246 1113; x_wconf 77' lang='lat' dir='ltr'><strong>s</strong></span> <span class='ocrx_word' id='word_1_38' title='bbox 349 1048 432 1112; x_wconf 90' lang='lat' dir='ltr'><strong>Item</strong></span> <span class='ocrx_word' id='word_1_39' title='bbox 457 1049 491 1111; x_wconf 94' lang='lat' dir='ltr'><strong>in</strong></span> <span class='ocrx_word' id='word_1_40' title='bbox 513 1047 636 1134; x_wconf 80' lang='lat' dir='ltr'><strong>Apulia</strong></span> <span class='ocrx_word' id='word_1_41' title='bbox 659 1045 815 1133; x_wconf 90' lang='lat' dir='ltr'><strong>oppidum</strong></span> <span class='ocrx_word' id='word_1_42' title='bbox 845 1043 958 1132; x_wconf 80' lang='lat' dir='ltr'>Salpia</span> <span class='ocrx_word' id='word_1_43' title='bbox 991 1053 1104 1128; x_wconf 90' lang='lat' dir='ltr'><strong>vetus,</strong></span> <span class='ocrx_word' id='word_1_44' title='bbox 1138 1045 1226 1131; x_wconf 92' lang='lat' dir='ltr'><strong>quod</strong></span> <span class='ocrx_word' id='word_1_45' title='bbox 1257 1045 1457 1109; x_wconf 81' lang='lat' dir='ltr'>Diomedes</span> 
     </span>
     <span class='ocr_line' id='line_1_7' title="bbox 264 1162 1458 1250; baseline -0.002 -21"><span class='ocrx_word' id='word_1_46' title='bbox 264 1167 307 1230; x_wconf 91' lang='lat' dir='ltr'><strong>ab</strong></span> <span class='ocrx_word' id='word_1_47' title='bbox 339 1163 438 1229; x_wconf 87' lang='lat' dir='ltr'><strong>Troia</strong></span> <span class='ocrx_word' id='word_1_48' title='bbox 470 1165 600 1230; x_wconf 90' lang='lat' dir='ltr'><strong>rediens</strong></span> <span class='ocrx_word' id='word_1_49' title='bbox 633 1164 820 1246; x_wconf 91' lang='lat' dir='ltr'><strong>constituit,</strong></span> <span class='ocrx_word' id='word_1_50' title='bbox 855 1164 942 1245; x_wconf 86' lang='lat' dir='ltr'><strong>sive,</strong></span> <span class='ocrx_word' id='word_1_51' title='bbox 984 1163 1257 1250; x_wconf 88' lang='lat' dir='ltr'><strong>quemadmodum</strong></span> <span class='ocrx_word' id='word_1_52' title='bbox 1290 1162 1458 1228; x_wconf 89' lang='lat' dir='ltr'><strong>nonnulli</strong></span> 
     </span>
     <span class='ocr_line' id='line_1_8' title="bbox 266 1280 1457 1370; baseline -0.002 -23"><span class='ocrx_word' id='word_1_53' title='bbox 266 1285 484 1370; x_wconf 86' lang='lat' dir='ltr'><strong>seripserunt,</strong></span> <span class='ocrx_word' id='word_1_54' title='bbox 516 1282 654 1368; x_wconf 87' lang='lat' dir='ltr'><strong>Elphias</strong></span> <span class='ocrx_word' id='word_1_55' title='bbox 677 1281 843 1365; x_wconf 88' lang='lat' dir='ltr'><strong>Rhodius,</strong></span> <span class='ocrx_word' id='word_1_56' title='bbox 870 1282 906 1344; x_wconf 92' lang='lat' dir='ltr'><strong>in</strong></span> <span class='ocrx_word' id='word_1_57' title='bbox 926 1280 1086 1346; x_wconf 87' lang='lat' dir='ltr'><strong>eiusmodi</strong></span> <span class='ocrx_word' id='word_1_58' title='bbox 1109 1281 1188 1346; x_wconf 89' lang='lat' dir='ltr'><strong>locis</strong></span> <span class='ocrx_word' id='word_1_59' title='bbox 1212 1281 1322 1346; x_wconf 86' lang='lat' dir='ltr'><strong>fuerat</strong></span> <span class='ocrx_word' id='word_1_60' title='bbox 1345 1281 1457 1345; x_wconf 89' lang='lat' dir='ltr'><strong>collo-</strong></span> 
     </span>
     <span class='ocr_line' id='line_1_9' title="bbox 265 1399 1458 1487; baseline -0.005 -18"><span class='ocrx_word' id='word_1_61' title='bbox 265 1413 391 1485; x_wconf 89' lang='lat' dir='ltr'><strong>catum,</strong></span> <span class='ocrx_word' id='word_1_62' title='bbox 423 1423 465 1466; x_wconf 86' lang='lat' dir='ltr'><strong>ex</strong></span> <span class='ocrx_word' id='word_1_63' title='bbox 492 1423 555 1487; x_wconf 91' lang='lat' dir='ltr'><strong>quo</strong></span> <span class='ocrx_word' id='word_1_64' title='bbox 584 1401 710 1466; x_wconf 78' lang='lat' dir='ltr'><strong>incolae</strong></span> <span class='ocrx_word' id='word_1_65' title='bbox 739 1401 912 1487; x_wconf 80' lang='lat' dir='ltr'><strong>quotannis</strong></span> <span class='ocrx_word' id='word_1_66' title='bbox 944 1399 1144 1484; x_wconf 83' lang='lat' dir='ltr'><strong>aegrotando</strong></span> <span class='ocrx_word' id='word_1_67' title='bbox 1173 1399 1365 1464; x_wconf 85' lang='lat' dir='ltr'><strong>laborantes</strong></span> <span class='ocrx_word' id='word_1_68' title='bbox 1393 1401 1458 1464; x_wconf 91' lang='lat' dir='ltr'><strong>ali-</strong></span> 
     </span>
     <span class='ocr_line' id='line_1_10' title="bbox 267 1517 1457 1608; baseline -0.003 -23"><span class='ocrx_word' id='word_1_69' title='bbox 267 1522 398 1608; x_wconf 92' lang='lat' dir='ltr'><strong>quando</strong></span> <span class='ocrx_word' id='word_1_70' title='bbox 425 1528 646 1607; x_wconf 86' lang='lat' dir='ltr'><strong>pervenerunt</strong></span> <span class='ocrx_word' id='word_1_71' title='bbox 670 1519 713 1584; x_wconf 90' lang='lat' dir='ltr'><strong>ad</strong></span> <span class='ocrx_word' id='word_1_72' title='bbox 737 1519 782 1582; x_wconf 90' lang='lat' dir='ltr'><strong>M.</strong></span> <span class='ocrx_word' id='word_1_73' title='bbox 806 1517 1001 1602; x_wconf 90' lang='lat' dir='ltr'><strong>Hostilium,</strong></span> <span class='ocrx_word' id='word_1_74' title='bbox 1035 1517 1076 1582; x_wconf 90' lang='lat' dir='ltr'><strong>ab</strong></span> <span class='ocrx_word' id='word_1_75' title='bbox 1105 1540 1208 1606; x_wconf 88' lang='lat' dir='ltr'><strong>eoque</strong></span> <span class='ocrx_word' id='word_1_76' title='bbox 1230 1519 1368 1605; x_wconf 87' lang='lat' dir='ltr'><strong>publice</strong></span> <span class='ocrx_word' id='word_1_77' title='bbox 1396 1542 1457 1604; x_wconf 92' lang='lat' dir='ltr'><strong>pe-</strong></span> 
     </span>
    </p>

    <p class='ocr_par' dir='ltr' id='par_1_4' title="bbox 224 1635 1456 2198">
     <span class='ocr_line' id='line_1_11' title="bbox 224 1635 1456 1723; baseline -0.002 -21"><span class='ocrx_word' id='word_1_78' title='bbox 224 1663 249 1702; x_wconf 73' lang='lat' dir='ltr'><strong>to</strong></span> <span class='ocrx_word' id='word_1_79' title='bbox 267 1648 373 1704; x_wconf 91' lang='lat' dir='ltr'><strong>tentes</strong></span> <span class='ocrx_word' id='word_1_80' title='bbox 395 1639 671 1723; x_wconf 82' lang='lat' dir='ltr'><strong>impetraverunt,</strong></span> <span class='ocrx_word' id='word_1_81' title='bbox 691 1636 798 1701; x_wconf 90' lang='lat' dir='ltr'><strong>uthis</strong></span> <span class='ocrx_word' id='word_1_82' title='bbox 820 1638 973 1702; x_wconf 90' lang='lat' dir='ltr'><strong>idoneum</strong></span> <span class='ocrx_word' id='word_1_83' title='bbox 996 1635 1103 1701; x_wconf 92' lang='lat' dir='ltr'><strong>locum</strong></span> <span class='ocrx_word' id='word_1_84' title='bbox 1125 1637 1167 1700; x_wconf 91' lang='lat' dir='ltr'><strong>ad</strong></span> <span class='ocrx_word' id='word_1_85' title='bbox 1190 1639 1320 1703; x_wconf 91' lang='lat' dir='ltr'><strong>moenia</strong></span> <span class='ocrx_word' id='word_1_86' title='bbox 1338 1647 1456 1701; x_wconf 89' lang='lat' dir='ltr'><strong>trans-</strong></span> 
     </span>
     <span class='ocr_line' id='line_1_12' title="bbox 267 1755 1454 1843; baseline -0.001 -22"><span class='ocrx_word' id='word_1_87' title='bbox 267 1756 406 1821; x_wconf 86' lang='lat' dir='ltr'><strong>ferenda</strong></span> <span class='ocrx_word' id='word_1_88' title='bbox 438 1757 644 1843; x_wconf 88' lang='lat' dir='ltr'><strong>conquireret</strong></span> <span class='ocrx_word' id='word_1_89' title='bbox 677 1755 888 1842; x_wconf 80' lang='lat' dir='ltr'><strong>eligeretque.</strong></span> <span class='ocrx_word' id='word_1_90' title='bbox 934 1755 1028 1820; x_wconf 87' lang='lat' dir='ltr'><strong>Tunc</strong></span> <span class='ocrx_word' id='word_1_91' title='bbox 1060 1757 1087 1819; x_wconf 93' lang='lat' dir='ltr'><strong>is</strong></span> <span class='ocrx_word' id='word_1_92' title='bbox 1117 1765 1260 1821; x_wconf 87' lang='lat' dir='ltr'><strong>moratus</strong></span> <span class='ocrx_word' id='word_1_93' title='bbox 1287 1779 1355 1821; x_wconf 92' lang='lat' dir='ltr'><strong>non</strong></span> <span class='ocrx_word' id='word_1_94' title='bbox 1391 1767 1454 1839; x_wconf 87' lang='lat' dir='ltr'><strong>est,</strong></span> 
     </span>
     <span class='ocr_line' id='line_1_13' title="bbox 269 1871 1453 1962; baseline 0.002 -25"><span class='ocrx_word' id='word_1_95' title='bbox 269 1874 328 1938; x_wconf 87' lang='lat' dir='ltr'><strong>sed</strong></span> <span class='ocrx_word' id='word_1_96' title='bbox 364 1873 475 1936; x_wconf 91' lang='lat' dir='ltr'><strong>statim</strong></span> <span class='ocrx_word' id='word_1_97' title='bbox 513 1871 695 1936; x_wconf 89' lang='lat' dir='ltr'><strong>rationibus</strong></span> <span class='ocrx_word' id='word_1_98' title='bbox 727 1872 913 1939; x_wconf 88' lang='lat' dir='ltr'><strong>doctissime</strong></span> <span class='ocrx_word' id='word_1_99' title='bbox 946 1875 1102 1962; x_wconf 85' lang='lat' dir='ltr'><strong>quaesitis</strong></span> <span class='ocrx_word' id='word_1_100' title='bbox 1137 1876 1316 1939; x_wconf 88' lang='lat' dir='ltr'><strong>secundum</strong></span> <span class='ocrx_word' id='word_1_101' title='bbox 1354 1899 1453 1940; x_wconf 89' lang='lat' dir='ltr'><strong>mare</strong></span> 
     </span>
     <span class='ocr_line' id='line_1_14' title="bbox 270 1990 1453 2081; baseline 0.004 -28"><span class='ocrx_word' id='word_1_102' title='bbox 270 1998 431 2053; x_wconf 88' lang='lat' dir='ltr'><strong>mercatus</strong></span> <span class='ocrx_word' id='word_1_103' title='bbox 455 1998 504 2054; x_wconf 90' lang='lat' dir='ltr'><strong>est</strong></span> <span class='ocrx_word' id='word_1_104' title='bbox 524 1991 762 2076; x_wconf 89' lang='lat' dir='ltr'><strong>possessionem</strong></span> <span class='ocrx_word' id='word_1_105' title='bbox 784 1990 854 2056; x_wconf 88' lang='lat' dir='ltr'><strong>loeo</strong></span> <span class='ocrx_word' id='word_1_106' title='bbox 878 1993 1020 2075; x_wconf 83' lang='lat' dir='ltr'><strong>salubri,</strong></span> <span class='ocrx_word' id='word_1_107' title='bbox 1060 1993 1101 2058; x_wconf 89' lang='lat' dir='ltr'><strong>ab</strong></span> <span class='ocrx_word' id='word_1_108' title='bbox 1131 2003 1313 2080; x_wconf 86' lang='lat' dir='ltr'><strong>senatuque</strong></span> <span class='ocrx_word' id='word_1_109' title='bbox 1342 2018 1453 2081; x_wconf 89' lang='lat' dir='ltr'><strong>popu-</strong></span> 
     </span>
     <span class='ocr_line' id='line_1_15' title="bbox 270 2108 1452 2198; baseline 0.005 -27"><span class='ocrx_word' id='word_1_110' title='bbox 270 2109 367 2194; x_wconf 91' lang='lat' dir='ltr'><strong>loque</strong></span> <span class='ocrx_word' id='word_1_111' title='bbox 390 2108 538 2172; x_wconf 88' lang='lat' dir='ltr'><strong>Romano</strong></span> <span class='ocrx_word' id='word_1_112' title='bbox 565 2110 674 2195; x_wconf 89' lang='lat' dir='ltr'><strong>petiit,</strong></span> <span class='ocrx_word' id='word_1_113' title='bbox 712 2118 749 2173; x_wconf 93' lang='lat' dir='ltr'><strong>ut</strong></span> <span class='ocrx_word' id='word_1_114' title='bbox 775 2110 889 2175; x_wconf 89' lang='lat' dir='ltr'><strong>liceret</strong></span> <span class='ocrx_word' id='word_1_115' title='bbox 915 2111 1092 2176; x_wconf 85' lang='lat' dir='ltr'><strong>transferre</strong></span> <span class='ocrx_word' id='word_1_116' title='bbox 1118 2112 1289 2198; x_wconf 91' lang='lat' dir='ltr'><strong>oppidum,</strong></span> <span class='ocrx_word' id='word_1_117' title='bbox 1325 2117 1452 2178; x_wconf 91' lang='lat' dir='ltr'><strong>consti-</strong></span> 
     </span>
    </p>

    <p class='ocr_par' dir='ltr' id='par_1_5' title="bbox 229 2228 1451 2671">
     <span class='ocr_line' id='line_1_16' title="bbox 229 2228 1450 2317; baseline 0.004 -29"><span class='ocrx_word' id='word_1_118' title='bbox 229 2249 254 2290; x_wconf 83' lang='lat'><strong>15</strong></span> <span class='ocrx_word' id='word_1_119' title='bbox 272 2228 398 2314; x_wconf 90' lang='lat' dir='ltr'><strong>tuitque</strong></span> <span class='ocrx_word' id='word_1_120' title='bbox 421 2229 550 2291; x_wconf 88' lang='lat' dir='ltr'><strong>moenia</strong></span> <span class='ocrx_word' id='word_1_121' title='bbox 576 2236 608 2292; x_wconf 90' lang='lat' dir='ltr'><strong>et</strong></span> <span class='ocrx_word' id='word_1_122' title='bbox 634 2250 728 2292; x_wconf 83' lang='lat' dir='ltr'><strong>areas</strong></span> <span class='ocrx_word' id='word_1_123' title='bbox 751 2229 881 2310; x_wconf 88' lang='lat' dir='ltr'><strong>divisit,</strong></span> <span class='ocrx_word' id='word_1_124' title='bbox 915 2252 1111 2317; x_wconf 89' lang='lat' dir='ltr'><strong>nummoque</strong></span> <span class='ocrx_word' id='word_1_125' title='bbox 1131 2232 1280 2296; x_wconf 88' lang='lat' dir='ltr'><strong>sestertio</strong></span> <span class='ocrx_word' id='word_1_126' title='bbox 1303 2231 1450 2316; x_wconf 91' lang='lat' dir='ltr'><strong>singulis</strong></span> 
     </span>
     <span class='ocr_line' id='line_1_17' title="bbox 271 2345 1451 2436; baseline 0.003 -28"><span class='ocrx_word' id='word_1_127' title='bbox 271 2345 490 2432; x_wconf 84' lang='lat' dir='ltr'><strong>municipibus</strong></span> <span class='ocrx_word' id='word_1_128' title='bbox 513 2346 675 2432; x_wconf 87' lang='lat' dir='ltr'><strong>mancipio</strong></span> <span class='ocrx_word' id='word_1_129' title='bbox 704 2347 803 2411; x_wconf 88' lang='lat' dir='ltr'><strong>dedit.</strong></span> <span class='ocrx_word' id='word_1_130' title='bbox 849 2345 911 2409; x_wconf 91' lang='lat' dir='ltr'><strong>His</strong></span> <span class='ocrx_word' id='word_1_131' title='bbox 940 2349 1098 2413; x_wconf 83' lang='lat' dir='ltr'><strong>confectis</strong></span> <span class='ocrx_word' id='word_1_132' title='bbox 1120 2348 1228 2414; x_wconf 86' lang='lat' dir='ltr'><strong>lacum</strong></span> <span class='ocrx_word' id='word_1_133' title='bbox 1251 2351 1387 2436; x_wconf 88' lang='lat' dir='ltr'><strong>aperuit</strong></span> <span class='ocrx_word' id='word_1_134' title='bbox 1420 2353 1451 2413; x_wconf 92' lang='lat' dir='ltr'><strong>in</strong></span> 
     </span>
     <span class='ocr_line' id='line_1_18' title="bbox 272 2464 1449 2554; baseline 0.003 -27"><span class='ocrx_word' id='word_1_135' title='bbox 272 2473 416 2528; x_wconf 86' lang='lat' dir='ltr'><strong>marcet</strong></span> <span class='ocrx_word' id='word_1_136' title='bbox 441 2473 570 2552; x_wconf 90' lang='lat' dir='ltr'><strong>portum</strong></span> <span class='ocrx_word' id='word_1_137' title='bbox 596 2488 613 2528; x_wconf 92' lang='lat' dir='ltr'><strong>e</strong></span> <span class='ocrx_word' id='word_1_138' title='bbox 640 2464 715 2529; x_wconf 91' lang='lat' dir='ltr'><strong>lacu</strong></span> <span class='ocrx_word' id='word_1_139' title='bbox 736 2466 915 2551; x_wconf 88' lang='lat' dir='ltr'><strong>municipio</strong></span> <span class='ocrx_word' id='word_1_140' title='bbox 936 2465 1084 2550; x_wconf 80' lang='lat' dir='ltr'><strong>perfecit.</strong></span> <span class='ocrx_word' id='word_1_141' title='bbox 1128 2468 1244 2554; x_wconf 90' lang='lat' dir='ltr'><strong>Itaque</strong></span> <span class='ocrx_word' id='word_1_142' title='bbox 1265 2490 1355 2531; x_wconf 88' lang='lat' dir='ltr'><strong>nunc</strong></span> <span class='ocrx_word' id='word_1_143' title='bbox 1381 2467 1449 2532; x_wconf 85' lang='lat' dir='ltr'><strong>Sal·</strong></span> 
     </span>
     <span class='ocr_line' id='line_1_19' title="bbox 272 2581 1448 2671; baseline 0.003 -27"><span class='ocrx_word' id='word_1_144' title='bbox 272 2583 343 2668; x_wconf 91' lang='lat' dir='ltr'><strong>pini</strong></span> <span class='ocrx_word' id='word_1_145' title='bbox 369 2591 507 2669; x_wconf 87' lang='lat' dir='ltr'><strong>quatuor</strong></span> <span class='ocrx_word' id='word_1_146' title='bbox 532 2581 635 2646; x_wconf 92' lang='lat' dir='ltr'><strong>millia</strong></span> <span class='ocrx_word' id='word_1_147' title='bbox 657 2605 812 2670; x_wconf 88' lang='lat' dir='ltr'><strong>passuum</strong></span> <span class='ocrx_word' id='word_1_148' title='bbox 836 2585 1001 2669; x_wconf 85' lang='lat' dir='ltr'><strong>progressi</strong></span> <span class='ocrx_word' id='word_1_149' title='bbox 1026 2584 1067 2648; x_wconf 92' lang='lat' dir='ltr'><strong>ab</strong></span> <span class='ocrx_word' id='word_1_150' title='bbox 1089 2586 1206 2671; x_wconf 90' lang='lat' dir='ltr'><strong>oppido</strong></span> <span class='ocrx_word' id='word_1_151' title='bbox 1228 2588 1334 2652; x_wconf 88' lang='lat' dir='ltr'><strong>veteri</strong></span> <span class='ocrx_word' id='word_1_152' title='bbox 1357 2586 1448 2652; x_wconf 91' lang='lat' dir='ltr'><strong>habi-</strong></span> 
     </span>
    </p>
   </div>
   <div class='ocr_carea' id='block_1_3' title="bbox 274 2698 650 2766">
    <p class='ocr_par' dir='ltr' id='par_1_6' title="bbox 274 2698 650 2766">
     <span class='ocr_line' id='line_1_20' title="bbox 274 2698 650 2766; baseline 0.011 -4"><span class='ocrx_word' id='word_1_153' title='bbox 274 2707 347 2762; x_wconf 87' lang='lat' dir='ltr'><strong>tant</strong></span> <span class='ocrx_word' id='word_1_154' title='bbox 367 2700 402 2762; x_wconf 91' lang='lat' dir='ltr'><strong>in</strong></span> <span class='ocrx_word' id='word_1_155' title='bbox 425 2698 549 2764; x_wconf 90' lang='lat' dir='ltr'><strong>salubri</strong></span> <span class='ocrx_word' id='word_1_156' title='bbox 568 2699 650 2766; x_wconf 92' lang='lat' dir='ltr'><strong>loco.</strong></span> 
     </span>
    </p>
   </div>
   <div class='ocr_carea' id='block_1_4' title="bbox 232 2903 990 2998">
    <p class='ocr_par' dir='ltr' id='par_1_7' title="bbox 232 2903 990 2998">
     <span class='ocr_line' id='line_1_21' title="bbox 232 2903 990 2998; baseline 0.003 -33"><span class='ocrx_word' id='word_1_157' title='bbox 232 2925 258 2965; x_wconf 80' lang='lat'><strong>20</strong></span> <span class='ocrx_word' id='word_1_158' title='bbox 436 2952 442 2964; x_wconf 90' lang='lat'><strong>.</strong></span> <span class='ocrx_word' id='word_1_159' title='bbox 693 2904 912 2998; x_wconf 18' lang='lat' dir='ltr'>&#39;CAPUT</span> <span class='ocrx_word' id='word_1_160' title='bbox 949 2903 990 2968; x_wconf 89' lang='lat' dir='ltr'><strong>V.</strong></span> 
     </span>
    </p>
   </div>
   <div class='ocr_carea' id='block_1_5' title="bbox 235 3051 1451 4446">
    <p class='ocr_par' dir='ltr' id='par_1_8' title="bbox 277 3051 1450 3498">
     <span class='ocr_line' id='line_1_22' title="bbox 365 3051 1449 3140; baseline 0.007 -24"><span class='ocrx_word' id='word_1_161' title='bbox 365 3057 392 3116; x_wconf 89' lang='lat' dir='ltr'><strong>l.</strong></span> <span class='ocrx_word' id='word_1_162' title='bbox 415 3053 496 3140; x_wconf 76' lang='lat'><strong>(40.)</strong></span> <span class='ocrx_word' id='word_1_163' title='bbox 519 3051 603 3118; x_wconf 81' lang='lat' dir='ltr'><strong>Cum</strong></span> <span class='ocrx_word' id='word_1_164' title='bbox 621 3077 699 3138; x_wconf 87' lang='lat' dir='ltr'><strong>ergo</strong></span> <span class='ocrx_word' id='word_1_165' title='bbox 719 3057 769 3120; x_wconf 92' lang='lat' dir='ltr'><strong>his</strong></span> <span class='ocrx_word' id='word_1_166' title='bbox 791 3056 974 3122; x_wconf 89' lang='lat' dir='ltr'><strong>rationibus</strong></span> <span class='ocrx_word' id='word_1_167' title='bbox 992 3055 1081 3120; x_wconf 89' lang='lat' dir='ltr'><strong>facta</strong></span> <span class='ocrx_word' id='word_1_168' title='bbox 1101 3059 1163 3121; x_wconf 90' lang='lat' dir='ltr'><strong>erit</strong></span> <span class='ocrx_word' id='word_1_169' title='bbox 1185 3057 1393 3123; x_wconf 87' lang='lat' dir='ltr'><strong>salubritatis</strong></span> <span class='ocrx_word' id='word_1_170' title='bbox 1419 3064 1449 3125; x_wconf 94' lang='lat' dir='ltr'><strong>in</strong></span> 
     </span>
     <span class='ocr_line' id='line_1_23' title="bbox 277 3171 1450 3261; baseline 0.007 -27"><span class='ocrx_word' id='word_1_171' title='bbox 277 3171 440 3235; x_wconf 91' lang='lat' dir='ltr'><strong>moenium</strong></span> <span class='ocrx_word' id='word_1_172' title='bbox 455 3171 722 3238; x_wconf 88' lang='lat' dir='ltr'><strong>collocationibus</strong></span> <span class='ocrx_word' id='word_1_173' title='bbox 736 3175 923 3261; x_wconf 81' lang='lat' dir='ltr'><strong>explicatio,</strong></span> <span class='ocrx_word' id='word_1_174' title='bbox 944 3175 1160 3260; x_wconf 85' lang='lat' dir='ltr'><strong>regionesque</strong></span> <span class='ocrx_word' id='word_1_175' title='bbox 1181 3173 1304 3239; x_wconf 87' lang='lat' dir='ltr'><strong>electae</strong></span> <span class='ocrx_word' id='word_1_176' title='bbox 1324 3177 1450 3242; x_wconf 88' lang='lat' dir='ltr'><strong>fuerint</strong></span> 
     </span>
     <span class='ocr_line' id='line_1_24' title="bbox 278 3289 1450 3380; baseline 0.008 -28"><span class='ocrx_word' id='word_1_177' title='bbox 278 3289 439 3354; x_wconf 85' lang='lat' dir='ltr'><strong>fructibus</strong></span> <span class='ocrx_word' id='word_1_178' title='bbox 470 3289 514 3352; x_wconf 86' lang='lat' dir='ltr'><strong>ad</strong></span> <span class='ocrx_word' id='word_1_179' title='bbox 546 3290 699 3354; x_wconf 87' lang='lat' dir='ltr'><strong>alendam</strong></span> <span class='ocrx_word' id='word_1_180' title='bbox 731 3294 897 3357; x_wconf 87' lang='lat' dir='ltr'><strong>civitatem</strong></span> <span class='ocrx_word' id='word_1_181' title='bbox 930 3294 1098 3380; x_wconf 81' lang='lat' dir='ltr'><strong>copiosae,</strong></span> <span class='ocrx_word' id='word_1_182' title='bbox 1132 3302 1164 3358; x_wconf 94' lang='lat' dir='ltr'><strong>et</strong></span> <span class='ocrx_word' id='word_1_183' title='bbox 1189 3293 1316 3358; x_wconf 88' lang='lat' dir='ltr'><strong>viarum</strong></span> <span class='ocrx_word' id='word_1_184' title='bbox 1346 3301 1450 3361; x_wconf 89' lang='lat' dir='ltr'><strong>muni-</strong></span> 
     </span>
     <span class='ocr_line' id='line_1_25' title="bbox 278 3409 1450 3498; baseline 0.006 -26"><span class='ocrx_word' id='word_1_185' title='bbox 278 3409 383 3473; x_wconf 90' lang='lat' dir='ltr'><strong>tiones</strong></span> <span class='ocrx_word' id='word_1_186' title='bbox 414 3416 471 3472; x_wconf 91' lang='lat' dir='ltr'><strong>aut</strong></span> <span class='ocrx_word' id='word_1_187' title='bbox 499 3411 758 3495; x_wconf 89' lang='lat' dir='ltr'><strong>opportunitates</strong></span> <span class='ocrx_word' id='word_1_188' title='bbox 785 3411 955 3476; x_wconf 89' lang='lat' dir='ltr'><strong>fluminum</strong></span> <span class='ocrx_word' id='word_1_189' title='bbox 981 3435 1039 3476; x_wconf 91' lang='lat' dir='ltr'><strong>seu</strong></span> <span class='ocrx_word' id='word_1_190' title='bbox 1066 3435 1125 3498; x_wconf 91' lang='lat' dir='ltr'><strong>per</strong></span> <span class='ocrx_word' id='word_1_191' title='bbox 1157 3422 1270 3498; x_wconf 90' lang='lat' dir='ltr'><strong>portus</strong></span> <span class='ocrx_word' id='word_1_192' title='bbox 1302 3418 1450 3480; x_wconf 84' lang='lat' dir='ltr'><strong>marinae</strong></span> 
     </span>
    </p>

    <p class='ocr_par' dir='ltr' id='par_1_9' title="bbox 235 3525 1451 4091">
     <span class='ocr_line' id='line_1_26' title="bbox 235 3525 1451 3619; baseline 0.008 -30"><span class='ocrx_word' id='word_1_193' title='bbox 235 3550 262 3589; x_wconf 82' lang='lat'><strong>25</strong></span> <span class='ocrx_word' id='word_1_194' title='bbox 280 3527 508 3590; x_wconf 89' lang='lat' dir='ltr'><strong>subvectiones</strong></span> <span class='ocrx_word' id='word_1_195' title='bbox 538 3525 712 3592; x_wconf 89' lang='lat' dir='ltr'><strong>habuerint</strong></span> <span class='ocrx_word' id='word_1_196' title='bbox 742 3528 785 3593; x_wconf 89' lang='lat' dir='ltr'><strong>ad</strong></span> <span class='ocrx_word' id='word_1_197' title='bbox 811 3532 941 3610; x_wconf 87' lang='lat' dir='ltr'><strong>moenia</strong></span> <span class='ocrx_word' id='word_1_198' title='bbox 967 3531 1238 3616; x_wconf 87' lang='lat' dir='ltr'><strong>comportationes</strong></span> <span class='ocrx_word' id='word_1_199' title='bbox 1261 3533 1451 3619; x_wconf 82' lang='lat' dir='ltr'><strong>expeditas;</strong></span> 
     </span>
     <span class='ocr_line' id='line_1_27' title="bbox 279 3634 1451 3734; baseline 0.01 -28"><span class='ocrx_word' id='word_1_200' title='bbox 279 3651 357 3707; x_wconf 88' lang='lat' dir='ltr'><strong>tunc</strong></span> <span class='ocrx_word' id='word_1_201' title='bbox 378 3634 517 3707; x_wconf 90' lang='lat' dir='ltr'><strong>turrium</strong></span> <span class='ocrx_word' id='word_1_202' title='bbox 539 3665 773 3732; x_wconf 88' lang='lat' dir='ltr'><strong>murorumque</strong></span> <span class='ocrx_word' id='word_1_203' title='bbox 795 3648 1008 3714; x_wconf 90' lang='lat' dir='ltr'><strong>fundamenta</strong></span> <span class='ocrx_word' id='word_1_204' title='bbox 1033 3649 1080 3712; x_wconf 92' lang='lat' dir='ltr'><strong>sic</strong></span> <span class='ocrx_word' id='word_1_205' title='bbox 1100 3658 1175 3713; x_wconf 89' lang='lat' dir='ltr'><strong>sunt</strong></span> <span class='ocrx_word' id='word_1_206' title='bbox 1197 3650 1369 3734; x_wconf 84' lang='lat' dir='ltr'><strong>facienda,</strong></span> <span class='ocrx_word' id='word_1_207' title='bbox 1405 3657 1451 3718; x_wconf 90' lang='lat' dir='ltr'><strong>uti</strong></span> 
     </span>
     <span class='ocr_line' id='line_1_28' title="bbox 281 3759 1450 3856; baseline 0.01 -32"><span class='ocrx_word' id='word_1_208' title='bbox 281 3760 463 3845; x_wconf 87' lang='lat' dir='ltr'><strong>fodiantur,</strong></span> <span class='ocrx_word' id='word_1_209' title='bbox 499 3764 527 3824; x_wconf 93' lang='lat' dir='ltr'><strong>si</strong></span> <span class='ocrx_word' id='word_1_210' title='bbox 548 3771 647 3849; x_wconf 92' lang='lat' dir='ltr'><strong>queat</strong></span> <span class='ocrx_word' id='word_1_211' title='bbox 667 3765 826 3850; x_wconf 85' lang='lat' dir='ltr'><strong>inveniri,</strong></span> <span class='ocrx_word' id='word_1_212' title='bbox 858 3768 901 3831; x_wconf 89' lang='lat' dir='ltr'><strong>ad</strong></span> <span class='ocrx_word' id='word_1_213' title='bbox 921 3767 1059 3832; x_wconf 92' lang='lat' dir='ltr'><strong>solidum</strong></span> <span class='ocrx_word' id='word_1_214' title='bbox 1082 3775 1114 3830; x_wconf 92' lang='lat' dir='ltr'><strong>et</strong></span> <span class='ocrx_word' id='word_1_215' title='bbox 1135 3767 1170 3830; x_wconf 91' lang='lat' dir='ltr'><strong>in</strong></span> <span class='ocrx_word' id='word_1_216' title='bbox 1192 3759 1315 3851; x_wconf 87' lang='lat' dir='ltr'><strong>solido,</strong></span> <span class='ocrx_word' id='word_1_217' title='bbox 1350 3793 1450 3856; x_wconf 89' lang='lat' dir='ltr'><strong>quan-</strong></span> 
     </span>
     <span class='ocr_line' id='line_1_29' title="bbox 281 3880 1450 3971; baseline 0.009 -28"><span class='ocrx_word' id='word_1_218' title='bbox 281 3887 350 3943; x_wconf 90' lang='lat' dir='ltr'><strong>tum</strong></span> <span class='ocrx_word' id='word_1_219' title='bbox 384 3902 426 3944; x_wconf 88' lang='lat' dir='ltr'><strong>ex</strong></span> <span class='ocrx_word' id='word_1_220' title='bbox 450 3880 664 3966; x_wconf 87' lang='lat' dir='ltr'><strong>amplitudine</strong></span> <span class='ocrx_word' id='word_1_221' title='bbox 697 3885 804 3971; x_wconf 92' lang='lat' dir='ltr'><strong>operis</strong></span> <span class='ocrx_word' id='word_1_222' title='bbox 835 3907 893 3971; x_wconf 92' lang='lat' dir='ltr'><strong>pro</strong></span> <span class='ocrx_word' id='word_1_223' title='bbox 928 3887 1053 3950; x_wconf 89' lang='lat' dir='ltr'><strong>ratione</strong></span> <span class='ocrx_word' id='word_1_224' title='bbox 1090 3886 1243 3950; x_wconf 82' lang='lat' dir='ltr'><strong>videatur</strong></span> <span class='ocrx_word' id='word_1_225' title='bbox 1250 3935 1259 3969; x_wconf 88' lang='lat'><strong>,</strong></span> <span class='ocrx_word' id='word_1_226' title='bbox 1299 3891 1450 3953; x_wconf 88' lang='lat' dir='ltr'><strong>crassitu-</strong></span> 
     </span>
     <span class='ocr_line' id='line_1_30' title="bbox 282 3999 1450 4091; baseline 0.009 -30"><span class='ocrx_word' id='word_1_227' title='bbox 282 3999 359 4062; x_wconf 91' lang='lat' dir='ltr'><strong>dine</strong></span> <span class='ocrx_word' id='word_1_228' title='bbox 380 3999 535 4086; x_wconf 89' lang='lat' dir='ltr'><strong>ampliore</strong></span> <span class='ocrx_word' id='word_1_229' title='bbox 560 4023 656 4087; x_wconf 91' lang='lat' dir='ltr'><strong>quam</strong></span> <span class='ocrx_word' id='word_1_230' title='bbox 678 4004 854 4089; x_wconf 87' lang='lat' dir='ltr'><strong>parietum,</strong></span> <span class='ocrx_word' id='word_1_231' title='bbox 888 4005 944 4090; x_wconf 93' lang='lat' dir='ltr'><strong>qui</strong></span> <span class='ocrx_word' id='word_1_232' title='bbox 973 4026 1071 4090; x_wconf 92' lang='lat' dir='ltr'><strong>supra</strong></span> <span class='ocrx_word' id='word_1_233' title='bbox 1092 4013 1214 4068; x_wconf 80' lang='lat' dir='ltr'><strong>terram</strong></span> <span class='ocrx_word' id='word_1_234' title='bbox 1237 4012 1313 4068; x_wconf 85' lang='lat' dir='ltr'><strong>sunt</strong></span> <span class='ocrx_word' id='word_1_235' title='bbox 1331 4005 1450 4091; x_wconf 78' lang='lat' dir='ltr'><strong>futuri3</strong></span> 
     </span>
    </p>

    <p class='ocr_par' dir='ltr' id='par_1_10' title="bbox 239 4115 1124 4206">
     <span class='ocr_line' id='line_1_31' title="bbox 239 4115 1124 4206; baseline 0.009 -29"><span class='ocrx_word' id='word_1_236' title='bbox 239 4138 264 4206; x_wconf 75' lang='lat' dir='ltr'><strong>ao</strong></span> <span class='ocrx_word' id='word_1_237' title='bbox 283 4124 316 4178; x_wconf 86' lang='lat' dir='ltr'><strong>et</strong></span> <span class='ocrx_word' id='word_1_238' title='bbox 336 4137 375 4179; x_wconf 90' lang='lat' dir='ltr'><strong>ea</strong></span> <span class='ocrx_word' id='word_1_239' title='bbox 395 4115 593 4202; x_wconf 86' lang='lat' dir='ltr'><strong>impleantur</strong></span> <span class='ocrx_word' id='word_1_240' title='bbox 613 4142 711 4205; x_wconf 90' lang='lat' dir='ltr'><strong>quam</strong></span> <span class='ocrx_word' id='word_1_241' title='bbox 733 4121 930 4186; x_wconf 89' lang='lat' dir='ltr'><strong>solidissima</strong></span> <span class='ocrx_word' id='word_1_242' title='bbox 952 4132 1124 4187; x_wconf 88' lang='lat' dir='ltr'><strong>structura.</strong></span> 
     </span>
    </p>

    <p class='ocr_par' dir='ltr' id='par_1_11' title="bbox 285 4234 1448 4446">
     <span class='ocr_line' id='line_1_32' title="bbox 368 4234 1448 4327; baseline 0.012 -32"><span class='ocrx_word' id='word_1_243' title='bbox 368 4237 397 4297; x_wconf 87' lang='lat'><strong>2.</strong></span> <span class='ocrx_word' id='word_1_244' title='bbox 412 4234 494 4319; x_wconf 79' lang='lat'><strong>(41.)</strong></span> <span class='ocrx_word' id='word_1_245' title='bbox 510 4234 594 4298; x_wconf 90' lang='lat' dir='ltr'><strong>Item</strong></span> <span class='ocrx_word' id='word_1_246' title='bbox 606 4244 711 4301; x_wconf 90' lang='lat' dir='ltr'><strong>turres</strong></span> <span class='ocrx_word' id='word_1_247' title='bbox 725 4247 801 4301; x_wconf 91' lang='lat' dir='ltr'><strong>sunt</strong></span> <span class='ocrx_word' id='word_1_248' title='bbox 815 4241 1038 4325; x_wconf 89' lang='lat' dir='ltr'><strong>proiiciendae</strong></span> <span class='ocrx_word' id='word_1_249' title='bbox 1051 4242 1087 4304; x_wconf 92' lang='lat' dir='ltr'><strong>in</strong></span> <span class='ocrx_word' id='word_1_250' title='bbox 1103 4241 1297 4305; x_wconf 86' lang='lat' dir='ltr'><strong>exteriorem</strong></span> <span class='ocrx_word' id='word_1_251' title='bbox 1312 4251 1448 4327; x_wconf 87' lang='lat' dir='ltr'><strong>partem,</strong></span> 
     </span>
     <span class='ocr_line' id='line_1_33' title="bbox 285 4351 1448 4446; baseline 0.011 -34"><span class='ocrx_word' id='word_1_252' title='bbox 285 4352 344 4431; x_wconf 90' lang='lat' dir='ltr'><strong>uti,</strong></span> <span class='ocrx_word' id='word_1_253' title='bbox 366 4371 440 4414; x_wconf 90' lang='lat' dir='ltr'><strong>cum</strong></span> <span class='ocrx_word' id='word_1_254' title='bbox 458 4351 501 4415; x_wconf 89' lang='lat' dir='ltr'><strong>ad</strong></span> <span class='ocrx_word' id='word_1_255' title='bbox 513 4374 640 4416; x_wconf 88' lang='lat' dir='ltr'><strong>murum</strong></span> <span class='ocrx_word' id='word_1_256' title='bbox 655 4353 757 4418; x_wconf 89' lang='lat' dir='ltr'><strong>hostis</strong></span> <span class='ocrx_word' id='word_1_257' title='bbox 770 4357 893 4442; x_wconf 91' lang='lat' dir='ltr'><strong>impetu</strong></span> <span class='ocrx_word' id='word_1_258' title='bbox 911 4359 991 4424; x_wconf 90' lang='lat' dir='ltr'><strong>velit</strong></span> <span class='ocrx_word' id='word_1_259' title='bbox 1009 4360 1288 4446; x_wconf 74' lang='lat' dir='ltr'><strong>appropmquare,</strong></span> <span class='ocrx_word' id='word_1_260' title='bbox 1313 4381 1333 4422; x_wconf 90' lang='lat' dir='ltr'><strong>a</strong></span> <span class='ocrx_word' id='word_1_261' title='bbox 1355 4365 1448 4425; x_wconf 87' lang='lat' dir='ltr'><strong>turri-</strong></span> 
     </span>
    </p>
   </div>
   <div class='ocr_carea' id='block_1_6' title="bbox 0 0 1508 5170">
    <p class='ocr_par' dir='ltr' id='par_1_12' title="bbox 0 0 1508 5170">
     <span class='ocr_line' id='line_1_34' title="bbox 0 0 1508 5170; baseline 0 2"><span class='ocrx_word' id='word_1_262' title='bbox 0 0 1508 5170; x_wconf 95' lang='lat' dir='ltr'><strong> </strong></span> 
     </span>
    </p>
   </div>
  </div>
 </body>
</html>
