3008 5162
282 415 323 476 98
787 426 943 474 mrsnvu

282 601 324 643 ea
350 600 416 641 non
443 585 550 664 potest
577 580 614 642 in
639 587 803 643 structura
825 581 918 644 oneri
940 577 1076 641 ferendo
1099 599 1172 640 esse
1194 575 1298 639 firma.
1344 575 1444 655 Quare

285 699 428 762 maxime
456 720 498 761 ex
524 699 691 763 veteribus
716 701 836 784 tegulis
865 706 1015 784 testaque
1047 697 1163 762 structi
1187 697 1329 782 parietes
1358 695 1445 757 firmi-

286 824 387 880 tatem
406 825 560 902 poterunt
580 817 711 881 habere.¹

374 987 426 1048 20.
450 984 588 1062 Craticii
610 1007 688 1050 vero
710 985 807 1049 velim
832 986 964 1072 quidem
986 1007 1028 1048 ne
1048 985 1175 1048 inventi
1198 991 1326 1065 essent3
1357 1003 1447 1068 quan·
1493 1015 1494 1024 κ

258 1115 357 1170 otum
380 1104 465 1168 enim
493 1101 660 1165 celeritate
689 1111 721 1166 et
747 1104 811 1168 loci
839 1105 1027 1169 laxamento
1046 1111 1199 1191 prosunt,
1227 1111 1320 1166 tanto
1342 1102 1446 1164 maiori

288 1232 320 1289 et
343 1220 506 1288 communi
529 1228 604 1283 sunt
625 1221 818 1306 calamitati,
846 1223 932 1310 quod
960 1223 1002 1286 ad
1023 1223 1178 1286 incendia
1198 1223 1247 1285 uti
1267 1221 1359 1285 faces
1383 1227 1448 1282 sunt
1493 1183 1494 1238 l

287 1341 403 1430 parati.
446 1338 561 1424 Itaque
592 1341 693 1403 satius
723 1363 794 1405 esse
824 1342 973 1424 videtur,
1002 1347 1149 1428 impensa
1177 1349 1397 1404 testaceorum
1415 1339 1446 1422 in
1493 1369 1494 1454 p

290 1468 430 1547 sumptu,
457 1479 554 1543 quam
576 1460 766 1544 compendio
783 1461 991 1524 craticiorum
1006 1481 1077 1523 esse
1095 1461 1130 1523 in
1144 1459 1303 1545 periculo.
1333 1459 1444 1521 Etiam·

290 1602 353 1666 que
375 1580 410 1642 in
429 1576 576 1641 tectoriis
599 1577 750 1662 operibus
771 1579 871 1642 rimas
889 1577 1016 1643 faciunt
1031 1579 1284 1642 arrectariorum
1304 1586 1338 1641 et
1354 1586 1447 1640 trans·
1493 1570 1494 1664 l

248 1719 273 1759 10
289 1697 509 1763 versariorum
547 1694 777 1781 dispositione3
820 1719 894 1760 cum
929 1698 1016 1760 enim
1051 1697 1219 1779 linuntur,
1262 1697 1447 1783 recipientes

289 1815 460 1877 humorem
485 1819 687 1895 turgescunt,
711 1812 828 1878 deinde
853 1815 1060 1880 siccescendo
1083 1815 1335 1897 contrahuntur,
1358 1812 1448 1877 etita
1493 1775 1494 1866 l

291 1932 461 1995 extenuati
487 1929 693 2014 disrumpunt
719 1935 926 1997 tectoriorum
956 1933 1165 1997 soliditatem.
1212 1933 1278 1997 Sed
1304 1933 1446 2020 quoniam
1493 1985 1494 2054 ,

291 2047 465 2113 nonnullos
492 2046 642 2110 celeritas
666 2057 722 2110 ant
749 2051 858 2138 inopia
880 2061 937 2115 ant
965 2053 1000 2115 in
1021 2053 1180 2138 pendenti
1201 2052 1272 2116 loco
1300 2049 1445 2135 disseptio

292 2167 396 2253 cogit,
427 2167 475 2229 sic
497 2165 559 2229 erit
581 2163 779 2230 faciendum.
824 2169 934 2234 Solum
962 2172 1174 2235 substruatur
1204 2170 1285 2253 alte,
1324 2179 1359 2233 ut
1392 2169 1447 2230 sint
1493 2195 1494 2246 p

251 2305 276 2345 rs
292 2285 408 2348 intacti
427 2284 467 2352 ab
491 2285 608 2348 rudere
634 2292 667 2348 et
685 2287 887 2372 pavimento,
917 2289 1025 2355 obruti
1048 2291 1135 2353 enim
1160 2293 1195 2354 in
1214 2290 1265 2353 his
1288 2311 1360 2353 cum
1381 2288 1445 2364 sint,

292 2412 456 2470 vetustate
483 2403 621 2467 marcidi
650 2403 747 2488 fiunt,
780 2406 898 2470 deinde
931 2407 1140 2472 subsidentes
1170 2408 1396 2492 proclinantur
1421 2411 1446 2464 et
1493 2397 1494 2440 l

292 2523 501 2608 disrumpunt
523 2523 665 2607 speciem
687 2525 904 2588 tectoriorum.

724 2811 924 2878 CAPUT
963 2812 1025 2876 IX.

1493 2779 1494 2830 l

1493 2894 1494 2956 l

1492 2957 1494 3040 l

382 3007 462 3094 (45.)
490 3007 543 3071 De
573 3010 752 3096 parietibus
783 3022 815 3077 et
845 3018 1056 3100 apparatione
1089 3016 1272 3101 generatim
1302 3015 1445 3080 materiae

252 3151 278 3191 ro
296 3147 422 3209 eorum,
446 3128 564 3213 quibus
584 3131 650 3191 sint
671 3129 848 3194 virtutibus
871 3141 903 3196 et
925 3136 1031 3220 vitiis,
1060 3135 1334 3221 quemadmodum
1355 3121 1445 3221 potui,

295 3247 449 3332 exposui,
479 3245 520 3309 de
548 3246 847 3330 contignationibus
872 3257 981 3312 autem
1009 3261 1040 3314 et
1058 3255 1161 3339 copiis
1188 3275 1315 3337 earum,
1338 3252 1445 3340 quibus

295 3373 523 3452 comparentur
546 3373 579 3428 et
608 3364 651 3428 ad
681 3369 878 3426 vetustatem
903 3387 968 3430 non
992 3369 1057 3430 sint
1077 3369 1244 3456 infirmae,
1271 3374 1319 3438 uti
1340 3379 1446 3435 natura

293 3505 403 3546 rerum
421 3490 591 3594 monstrat,
613 3479 798 3567 explicabo.
971 3485 978 3488 ’
1491 3439 1494 3508 l

332 3673 341 3694 ⁴
379 3649 442 3713 IX.
470 3654 497 3713 l.
522 3648 603 3737 (46.)
626 3649 782 3713 Materies
805 3648 972 3714 caedenda
1000 3657 1049 3712 est
1076 3672 1095 3713 a
1115 3653 1219 3737 primo
1241 3667 1392 3723 autumno
1411 3649 1445 3716 ad
1493 3583 1494 3625 i

252 3791 277 3832 25
294 3767 329 3831 id
349 3775 488 3853 tempuS,
509 3767 596 3854 quod
619 3769 681 3831 erit
702 3776 877 3853 antequam
900 3767 980 3830 flare
1001 3769 1139 3853 incipiat
1152 3769 1331 3836 Favonius.
1373 3775 1445 3837 Vere

294 3887 381 3949 enim
408 3907 520 3949 omnes
548 3880 682 3948 arbores
709 3884 792 3948 fiunt
821 3894 1056 3972 praegnantes,
1089 3894 1121 3949 et
1146 3909 1258 3951 omnes
1291 3913 1366 3954 suae
1386 3910 1445 3976 pro·

292 4005 442 4092 prietatis
469 4004 624 4069 virtutem
650 4003 789 4067 efferunt
816 4005 851 4067 in
881 4003 1030 4069 frondem
1059 4005 1367 4094 anniversariosque
1392 4007 1445 4068 fru-

294 4131 377 4188 ctus.
429 4121 513 4188 Cum
550 4143 629 4205 ergo
659 4123 775 4186 inanes
812 4130 844 4185 et
873 4122 1020 4186 tumidae
1052 4131 1236 4210 temporum
1269 4125 1446 4189 necessitate

294 4261 406 4304 eorum
425 4239 563 4321 fuerint,
585 4260 690 4304 vanae
713 4239 797 4303 fiunt
818 4249 851 4304 et
872 4242 1063 4307 raritatibus
1085 4239 1289 4325 imbecillae,
1313 4243 1389 4327 (47.)
1409 4235 1445 4301 uti
1493 4235 1494 4260 ¹

251 4375 276 4417 ao
293 4359 391 4421 etiam
414 4376 549 4441 corpora
571 4355 759 4438 muliebria,
791 4378 864 4420 cum
886 4363 1112 4445 conceperint,
1140 4359 1184 4423 ad
1205 4360 1313 4425 foetus
1334 4367 1444 4445 partum
1492 4393 1493 4424 1
