3008 5162
262 447 303 510 90
765 460 923 508 vrrauvn

261 611 454 697 Hymettum
471 619 612 676 montem
633 621 666 676 et
687 611 932 694 Pentelensem3
955 614 1031 676 item
1050 613 1156 678 Patris
1181 617 1215 677 in
1234 613 1314 677 aede
1339 612 1429 676 Iovis

262 739 294 794 et
315 731 467 794 Herculis
489 729 653 794 latericias
676 729 789 812 cellas,
819 751 890 794 oum
922 732 1009 794 circa
1038 731 1168 818 lapidea
1194 734 1229 795 in
1257 733 1341 796 aede
1365 733 1428 818 epi-

261 849 361 936 stylia
386 851 451 913 sint
482 857 514 912 et
543 848 728 929 columnae;
760 850 794 911 in
819 847 918 910 Italia
944 847 1066 912 Arretii
1098 838 1263 913 vetustum
1293 851 1429 934 egregie

262 970 383 1033 factum
410 990 556 1050 murum3
592 965 759 1031 Trallibus
790 965 920 1047 domum
952 965 1084 1052 regibus
1113 965 1266 1030 Attalicis
1293 965 1429 1046 factam,

231 1108 345 1174 aquae
368 1085 411 1150 ad
434 1085 648 1150 habitandum
676 1107 803 1171 semper
830 1084 926 1149 datur
953 1076 999 1167 'ei,
1025 1084 1081 1170 qui
1102 1084 1245 1148 civitatis
1268 1085 1360 1168 gerit
1383 1105 1430 1146 sa-

262 1205 452 1270 cerdotium.
496 1203 579 1266 Item
604 1203 850 1268 Lacedaemone
870 1226 888 1268 e
909 1203 1104 1290 quibusdam
1125 1203 1307 1288 parietibus
1330 1204 1432 1266 etiam

261 1323 408 1408 picturae
427 1323 567 1402 excisae,
590 1322 773 1386 intersectis
796 1321 964 1401 lateribus,
984 1319 1129 1384 inclusae
1152 1328 1228 1383 sunt
1250 1321 1286 1382 in
1307 1319 1431 1404 ligneis

262 1442 392 1523 formis,
427 1447 459 1502 et
485 1441 520 1503 in
557 1440 724 1502 comitium
757 1440 800 1503 ad
828 1448 978 1502 ornatum
1008 1437 1184 1500 aedilitatis
1207 1436 1373 1501 Varronis
1403 1445 1432 1500 et

261 1559 418 1622 Murenae
447 1557 580 1621 fuerunt
607 1554 736 1619 allatae.
784 1560 832 1619 10.
858 1555 972 1620 Croesi
994 1556 1123 1637 domus,
1152 1577 1250 1642 quam
1273 1555 1432 1619 Sardiani

223 1700 246 1738 ro
261 1678 388 1742 civibus
405 1674 447 1738 ad
463 1674 732 1762 requiescendum
754 1675 873 1736 aetatis
894 1676 970 1758 otio,
990 1675 1153 1738 seniorum
1174 1673 1312 1759 collegio
1333 1697 1431 1760 geru-

261 1797 343 1858 siam
362 1793 607 1857 dedicaverunt.
652 1792 735 1854 Item
750 1791 978 1857 Halicarnassi
995 1792 1211 1877 potentissimi
1230 1792 1319 1875 regis
1335 1793 1430 1856 Mau-

262 1911 322 1976 soli
345 1911 470 1990 domus,
493 1931 566 1971 cum
585 1909 804 1973 Proconnesio
830 1932 989 1976 marmore
1013 1911 1121 1974 omnia
1144 1909 1281 1974 haberet
1299 1920 1430 1992 ornata,
1502 1905 1503 1917 ¹

260 2028 401 2114 parietes
429 2027 527 2090 habet
556 2025 658 2091 latere
686 2035 839 2109 structos,
873 2029 929 2113 qui
953 2028 996 2092 ad
1023 2027 1084 2091 hoc
1106 2036 1231 2113 tempus
1260 2031 1431 2112 egregiam
1502 2087 1503 2090 ,

178 2223 181 2230 ,
261 2153 430 2232 praestant
449 2143 649 2227 firmitatem,
674 2147 720 2208 ita
744 2147 889 2210 tectoriis
915 2146 1069 2232 operibus
1098 2144 1250 2230 expoliti,
1281 2148 1330 2208 uti
1351 2147 1429 2209 vitri
1502 2121 1503 2162 ³

220 2285 243 2326 15
261 2262 522 2349 perluciditatem
544 2263 717 2327 videantur
736 2263 867 2328 habere.
913 2265 1027 2351 Neque
1049 2264 1077 2326 is
1099 2284 1159 2326 rex
1183 2261 1225 2324 ab
1254 2263 1371 2354 inopia¹
1397 2263 1429 2326 id

261 2383 355 2466 fecit3
383 2382 519 2446 infinitis
541 2383 627 2445 enim
645 2379 865 2466 vectigalibus
886 2391 956 2446 erat
984 2382 1101 2463 fartae,
1128 2379 1214 2466 quod
1241 2381 1427 2468 imperabat

262 2501 380 2566 Cariae
403 2503 473 2565 toti.

349 2674 396 2731 11.
424 2668 573 2732 Acumen
594 2676 701 2730 autem
722 2671 791 2732 eius
814 2677 846 2731 et
863 2665 1038 2731 sollertiam
1057 2664 1099 2727 ad
1114 2665 1265 2729 aedificia
1279 2667 1428 2753 paranda

262 2791 309 2852 sic
344 2787 421 2849 licet
448 2785 666 2850 considerare.
723 2785 805 2850 Cum
838 2794 923 2848 esset
957 2784 1042 2847 enim
1076 2792 1172 2847 natus
1205 2783 1360 2870 Mylasis,
1396 2793 1427 2868 qt

1500 2725 1503 2756 l

217 2926 242 2966 ao
261 2905 546 2968 animadvertisset
566 2903 792 2970 Halicarnassi
815 2903 922 2967 locum
944 2902 1138 2966 naturaliter
1161 2923 1232 2966 esse
1251 2905 1425 2986 munitum,
1501 2901 1502 2910 ¹

261 3022 504 3107 emporiumque
525 3023 693 3104 idoneum,
721 3031 849 3107 portum
872 3019 1001 3103 utilem,
1028 3020 1075 3085 ibi
1102 3019 1165 3083 sibi
1194 3021 1326 3084 domum
1352 3046 1426 3087 con-

260 3139 376 3203 stituit.
419 3138 452 3202 Is
475 3148 582 3204 autem
603 3141 694 3204 locus
718 3147 768 3202 est
788 3139 908 3202 theatri
926 3148 1121 3202 curvaturae
1136 3137 1264 3202 similis.
1309 3146 1426 3227 Itaque

259 3257 293 3318 in
315 3257 380 3320 imo
403 3258 580 3322 secundum
600 3266 728 3342 portum
747 3255 855 3318 forum
873 3263 922 3318 est
937 3257 1159 3320 constitutum.
1204 3254 1268 3319 Per
1282 3257 1426 3322 mediam

259 3383 368 3437 autem
390 3373 572 3438 altitudinis
595 3382 802 3438 curvaturam
823 3373 1161 3459 praecinctionemque
1183 3371 1293 3457 platea
1315 3375 1427 3460 ampla

215 3522 241 3561 25
259 3491 433 3593 latitudine
462 3492 563 3574 facta,
595 3491 676 3576 (38.)
701 3465 736 3554 iri
760 3512 824 3575 qua
844 3488 954 3552 media
971 3487 1174 3553 Mausoleum
1204 3492 1251 3554 ita
1279 3493 1424 3576 egregiis

260 3612 412 3698 operibus
438 3618 488 3673 est
510 3610 642 3691 factum,
663 3618 700 3671 ut
721 3610 756 3670 in
780 3616 903 3694 septem
926 3606 1121 3694 spectaculis
1144 3608 1338 3672 nominetur.
1386 3607 1425 3671 In
1502 3657 1503 3660 η

260 3751 385 3793 summa
406 3751 480 3792 arce
502 3728 610 3791 media
630 3727 745 3791 Martis
775 3726 887 3788 fanum
912 3725 1038 3788 habens
1067 3733 1209 3788 statuam
1229 3724 1424 3790 colossicam

258 3839 460 3931 dxpdtadov,
490 3845 594 3911 nobili
615 3867 715 3910 manu
735 3843 913 3908 Leocharis
936 3843 1066 3906 factam.
1111 3841 1207 3906 Hanc
1228 3851 1338 3907 autem
1361 3853 1427 3908 sta-

257 3974 347 4028 tuam
377 3964 433 4028 alii
466 3963 659 4044 Leocharis,
692 3962 748 4027 alii
775 3962 937 4026 Timothei
968 3969 1084 4046 putant
1115 3983 1198 4025 esse.
1248 3959 1289 4024 In
1323 3983 1427 4024 cornu

215 4091 366 4146 arautem
397 4102 521 4144 summo
549 4081 664 4146 dextro
688 4079 826 4145 Veneris
854 4088 886 4142 et
913 4079 1069 4144 Mercurii
1096 4079 1209 4142 fanum
1245 4077 1288 4142 ad
1316 4079 1427 4165 ipsum

249 4197 451 4263 -Salmacidis
471 4198 606 4262 fontem.

347 4383 396 4444 12.
421 4380 502 4465 (39.)
530 4380 564 4444 Is
586 4387 695 4443 autem
716 4380 801 4444 falsa
829 4381 981 4467 opinione
1000 4387 1134 4467 putatur
1155 4378 1288 4444 venerio
1310 4379 1426 4444 morbo
