3008 5162
284 445 343 505 110
787 457 943 503 vrrnuvu

282 609 405 674 Caesar
440 610 536 673 iussit
572 617 666 673 extra
702 608 840 674 telorum
880 609 1072 672 missionem
1107 630 1163 674 eos
1199 609 1437 675 circumvallari.

281 730 398 823 Itaque
420 729 535 827 timore
558 727 662 791 coacti
681 727 839 812 oppidani
859 748 933 790 cum
957 750 992 791 se
1014 727 1234 809 dedidissent,
1258 730 1437 814 quaesitum,

283 847 370 910 unde
394 853 503 909 essent
524 867 562 909 ea
589 844 695 928 ligna,
724 867 809 930 quae
833 845 874 908 ab
902 846 973 930 igni
1001 869 1067 909 non
1095 845 1314 910 laederentur.
1360 847 1438 910 Tunc

284 968 313 1029 ei
339 965 643 1029 demonstraverunt
667 984 722 1025 eas
744 963 896 1046 arbores,
920 985 1058 1049 quarum
1081 965 1115 1026 in
1136 963 1186 1027 his
1210 965 1290 1029 locis
1311 967 1439 1028 maxime

256 1093 361 1148 esunt
386 1083 514 1169 copiae,
548 1089 580 1146 et
608 1080 681 1143 ideo
707 1081 742 1144 id
771 1080 941 1144 castellum
969 1081 1164 1167 Larignum,
1197 1085 1275 1148 item
1300 1084 1439 1148 materies

283 1201 413 1286 larigna
433 1210 484 1265 est
506 1197 679 1285 appellata.

370 1370 450 1458 (61.)
475 1369 568 1434 Haec
589 1377 697 1432 autem
724 1390 783 1454 per
806 1366 932 1430 Padum
960 1367 1155 1432 Ravennam
1182 1370 1385 1456 deportatum
1412 1372 1439 1433 in

285 1489 413 1555 colonia
434 1487 586 1564 Fanestri
594 1487 769 1569 „Pisauri,
793 1487 951 1549 Anconae
970 1485 1190 1573 reliquisque,
1214 1511 1298 1574 quae
1324 1498 1397 1552 sunt
1413 1489 1439 1551 in
1490 1491 1491 1502 ³

286 1631 325 1673 ea
346 1609 495 1693 regione,
525 1580 711 1692 municipiis
735 1605 925 1692 praebetur3
957 1604 1051 1698 cuius
1074 1606 1224 1669 materiei
1246 1609 1275 1670 si
1298 1615 1385 1670 esset
1403 1605 1439 1668 f-

244 1729 268 1783 1'0
285 1726 390 1790 cultas
423 1723 704 1812 apportationibus
736 1724 780 1814 ad
814 1723 954 1805 Urbem,
992 1724 1156 1788 maximae
1190 1723 1388 1789 haberentur
1416 1727 1442 1788 in

286 1844 446 1909 aedificiis
464 1842 638 1923 utilitates,
668 1849 700 1905 et
724 1843 752 1904 si
774 1863 839 1906 non
865 1842 1029 1926 inomni,
1058 1843 1145 1906 certe
1168 1842 1301 1907 tabulae
1323 1845 1359 1907 in
1379 1843 1440 1908 sub-

285 1961 434 2048 grundiis
458 1962 581 2023 circum
603 1959 727 2022 insulas
750 1960 778 2020 si
800 1965 912 2021 essent
934 1981 976 2022 ex
1004 1982 1042 2023 ea
1064 1959 1256 2045 collocatae,
1286 1963 1327 2026 ab
1359 1961 1441 2026 traie-

286 2082 402 2145 ctionis
425 2078 650 2143 incendiorum
671 2076 822 2140 aedificia
845 2077 990 2163 periculo
1016 2077 1250 2162 liberarentur,
1281 2079 1368 2166 quod
1394 2101 1441 2142 cac

285 2221 391 2286 neque
418 2198 581 2261 flammam
611 2218 673 2289 nee
697 2195 871 2260 carbonem
899 2204 1037 2282 possunt
1064 2198 1228 2283 recipere,
1257 2220 1318 2261 nee
1345 2198 1440 2261 facere

246 2339 269 2379 15
286 2341 344 2407 per
365 2341 410 2382 se.
457 2322 507 2381 17.
541 2317 622 2404 (62.)
657 2314 741 2379 Sunt
772 2324 880 2378 autem
911 2315 974 2379 hae
1004 2315 1136 2379 arbores
1168 2314 1258 2379 foliis
1292 2316 1440 2378 similibus

285 2439 370 2525 pini,
399 2437 551 2501 materies
572 2457 681 2500 carum
708 2433 850 2520 prolixa,
877 2432 1060 2498 tractabilis
1087 2434 1129 2497 ad
1156 2437 1348 2511 intestinum
1371 2455 1441 2520 opus

286 2581 351 2623 non
370 2558 479 2621 minus
502 2537 601 2642 quam
620 2555 793 2640 sappinea,
816 2550 979 2638 habetque
1003 2554 1146 2617 resinam
1166 2552 1326 2638 liquidam
1348 2551 1441 2616 mellis
1484 2629 1490 2634 ,Ἰ

287 2675 390 2740 Attici
410 2673 534 2754 colore,
557 2694 641 2757 quae
664 2672 763 2734 etiam
784 2670 933 2735 medetur
955 2671 1139 2757 phthisicis.

726 2999 918 3093 orror
947 3024 992 3089 n.

244 3350 269 3390 ro
374 3317 455 3403 (63.)
477 3307 530 3381 Dc
553 3315 692 3402 singulis
715 3314 910 3400 generibus,
938 3314 1055 3399 quibus
1081 3313 1336 3400 proprietatibus
1359 3336 1375 3376 e
1395 3333 1444 3376 na-

287 3445 360 3501 tura
381 3459 490 3500 rerum
510 3435 691 3500 videantur·
703 3455 774 3497 esse
794 3439 1017 3516 comparatae,
1042 3432 1226 3518 quibusque
1244 3439 1444 3519 procreantur

287 3553 486 3636 rationibus,
509 3553 662 3638 exposui,
692 3552 876 3635 insequitur
898 3549 1154 3633 animadversio,
1184 3550 1263 3637 quid
1286 3553 1348 3633 ita,
1370 3568 1442 3634 quae

288 3675 322 3735 in
344 3671 434 3736 Urbe
464 3691 621 3756 supernas
649 3669 769 3733 dicitur
803 3668 894 3733 abies
923 3669 1066 3733 deterior
1093 3678 1158 3751 est,
1192 3689 1277 3753 quae
1308 3667 1443 3732 infernas

289 3794 437 3877 egregios
460 3789 495 3853 in
523 3787 682 3852 aedificiis
710 3787 754 3850 ad
782 3787 1028 3851 diuturnitatem
1054 3792 1200 3873 praestat
1225 3807 1323 3867 usus;
1353 3792 1383 3846 et
1410 3781 1443 3844 de

244 3933 271 3972 25
288 3912 339 3974 his
359 3909 472 3990 rebus,
494 3905 768 3992 quemadmodum
790 3904 965 3969 videantur
992 3927 1010 3968 e
1035 3904 1180 3968 locorum
1199 3899 1443 3988 proprietatibus

287 4028 407 4091 habere
428 4027 512 4091 vitia
541 4034 597 4088 aut
618 4025 774 4107 virtuteS,
803 4025 851 4088 nti
881 4026 947 4088 sint
973 4019 1256 4088 considerantibus
1282 4019 1443 4106 apertiora,
1488 4055 1489 4128 q

289 4167 462 4233 exponam.
1488 4135 1489 4156 ¹

373 4297 417 4360 X.
438 4302 465 4360 1.
484 4296 565 4383 (64.)
589 4295 711 4359 Montis
727 4296 894 4380 Apennini
911 4295 1037 4379 primae
1053 4291 1182 4356 radices
1199 4291 1240 4357 ab
1252 4286 1444 4377 Tyrrhenico

287 4417 370 4480 mari
400 4416 485 4477 inter
516 4413 619 4498 Alpes
654 4426 686 4474 et
723 4420 886 4475 extremas
918 4411 1071 4474 Etruriae
1108 4411 1258 4494 regiones
1298 4409 1443 4473 oriuntur.
