3028 5164
286 505 347 564 236
785 517 944 564 vrvauvn
1041 517 1045 524 ’

285 670 515 755 hypocausim,
539 671 586 733 uti
608 669 674 755 pila
695 692 768 733 cum
789 671 953 752 mittatur,
972 689 1038 732 non
1060 670 1165 754 possit
1184 669 1270 732 intro
1292 669 1480 751 resistere,

286 787 344 850 sed
366 810 477 851 rursus
500 787 612 851 redeat
635 787 678 850 ad
698 787 922 872 praefurnium
940 789 1013 874 ipsa
1032 810 1092 873 per
1113 809 1165 869 se3
1188 787 1234 850 ita
1254 785 1391 849 flamma
1417 787 1478 849 fa-

285 903 380 968 cilius
406 905 641 992 pervagabitur
664 906 724 969 sub
747 907 977 990 suspensione;
1008 928 1171 992 supraque
1195 903 1361 969 laterculis
1388 903 1477 967 bes-

287 1023 410 1086 salibus
443 1024 528 1110 pilae
556 1031 724 1085 struantur
753 1024 798 1085 ita
826 1023 1023 1110 dispositae,
1053 1026 1100 1088 uti
1127 1022 1297 1110 bipedales
1324 1022 1475 1107 tegulae

255 1169 267 1207 s
286 1144 414 1228 possint
435 1163 534 1228 supra
550 1163 622 1204 esse
642 1139 836 1226 collocatae;
858 1141 1066 1207 altitudinem
1085 1151 1194 1205 autern
1209 1139 1296 1227 pilae
1313 1139 1475 1204 habeant

285 1259 385 1346 pedes
420 1259 500 1342 duo,
535 1259 661 1345 haeque
694 1267 861 1323 struantur
892 1261 1009 1346 argilla
1044 1282 1117 1324 curn
1149 1257 1267 1344 capillo
1302 1258 1473 1341 subacta;

287 1399 449 1464 supraque
472 1376 671 1442 collocentur
690 1377 820 1461 tegulae
843 1378 1028 1464 bipedales,
1052 1400 1136 1464 quae
1158 1377 1342 1441 sustineant
1363 1377 1471 1461 pavi-

285 1504 439 1560 mentum.

244 1759 267 1800 10
371 1711 401 1794 3.
433 1728 515 1816 (75.)
550 1727 859 1793 Concamarationes
890 1750 985 1811 vero,
1019 1729 1047 1791 si
1081 1751 1122 1791 ex
1151 1737 1316 1792 structura
1347 1727 1468 1791 factae

285 1849 421 1930 fuerint,
461 1856 557 1911 erunt
593 1846 757 1929 utiliores3
796 1850 847 1912 sin
883 1857 992 1913 autem
1028 1848 1289 1932 contignationes
1322 1846 1466 1928 fuerint,

285 1966 433 2050 figlinum
456 1987 538 2050 opus
560 1963 768 2048 subiiciatur3
792 1965 849 2029 sed
870 1965 930 2028 hoc
949 1967 996 2028 ita
1019 1965 1081 2028 erit
1103 1963 1299 2027 faciendum.
1345 1963 1465 2048 Regu-

284 2084 335 2147 lae
354 2083 483 2146 ferreae
502 2091 558 2146 aut
570 2103 665 2145 arcus
682 2082 779 2165 fiant,
799 2082 924 2170 haeque
942 2085 1072 2148 uncinis
1093 2083 1209 2146 ferreis
1227 2081 1269 2144 ad
1286 2084 1465 2166 contigna-

284 2202 405 2264 tionem
429 2198 670 2285 suspendantur
692 2222 789 2285 quam
820 2200 1040 2283 creberrimis,
1068 2201 1195 2286 haeque
1221 2199 1355 2284 regulae
1388 2202 1464 2265 sive

242 2341 380 2383 icareus
402 2320 449 2380 ita
471 2318 701 2403 disponantur,
729 2320 777 2382 uti
802 2317 933 2403 tegulae
964 2320 1033 2382 sine
1056 2317 1261 2402 marginibus
1283 2319 1403 2383 sedere
1427 2321 1465 2381 in

285 2437 411 2501 duabus
446 2435 620 2523 invehique
647 2438 789 2524 possint,
830 2445 861 2500 et
893 2438 939 2499 ita
974 2445 1063 2500 totae
1091 2439 1392 2502 concamerationes
1426 2440 1463 2500 in

282 2555 369 2620 ferro
391 2555 532 2618 nitentes
555 2555 621 2617 sint
646 2555 827 2641 perfectam
851 2577 1026 2641 earumque
1056 2577 1257 2619 camerarum
1286 2557 1464 2642 superiora

282 2680 475 2757 coagmenta
497 2694 538 2736 ex
565 2671 682 2757 argilla
711 2695 784 2736 cum
810 2673 929 2758 capillo
960 2673 1096 2737 subacta
1118 2674 1292 2756 liniantur;
1316 2673 1462 2738 inferior

283 2801 392 2854 autem
414 2812 510 2877 pars,
534 2813 617 2876 quae
640 2791 683 2854 ad
705 2792 930 2876 pavimentum
953 2800 1095 2876 spectat,
1115 2793 1254 2875 primum
1273 2799 1358 2854 testa
1381 2814 1460 2855 cum

239 2935 265 2974 ao
283 2909 373 2972 calce
394 2908 608 2991 trullissetur,
638 2909 757 2973 deinde
779 2931 875 2995 opere
898 2908 1024 2973 albario
1047 2910 1117 2972 sive
1139 2910 1275 2973 tectorio
1298 2907 1458 2995 poliatur.

281 3026 419 3112 Hacque
445 3048 593 3091 camerae
615 3029 649 3090 in
675 3028 845 3110 caldariis,
875 3028 902 3090 si
926 3027 1073 3114 duplices
1097 3027 1205 3091 factae
1227 3028 1366 3111 fuerint,
1390 3051 1459 3092 mc-

282 3143 397 3208 liorem
420 3143 588 3208 habebunt
609 3167 721 3227 000ος
746 3167 812 3209 000
838 3147 925 3208 enim
943 3167 962 3208 a
979 3167 1099 3232 vapore
1115 3144 1230 3209 humor
1246 3167 1458 3232 corrumpere

282 3265 402 3348 poterit
423 3263 592 3327 materiem
612 3265 883 3350 contignationis,
913 3264 972 3328 sed
1000 3264 1087 3327 inter
1117 3264 1198 3328 duas
1227 3285 1375 3329 cameras
1400 3285 1457 3326 va-

283 3380 424 3466 gabitur.

236 3647 261 3686 rs
367 3620 396 3680 4.
432 3541 535 3702 (765
550 3616 796 3701 Magnitudines
831 3627 952 3682 autem
972 3617 1164 3681 balnearum
1196 3616 1350 3682 videntur
1382 3615 1454 3680 ficri

278 3755 337 3819 pro
367 3735 461 3819 copia
487 3733 664 3798 hominum.
710 3734 783 3798 Sint
810 3737 857 3799 ita
884 3737 1098 3821 compositae:
1128 3743 1251 3820 quanta
1282 3732 1452 3818 longitudo

279 3852 394 3934 suerit,
423 3853 521 3916 tertia
546 3851 692 3938 dempta,
727 3853 866 3918 latitudo
897 3855 940 3917 sit
968 3861 1098 3941 praeter
1129 3852 1274 3916 scholam
1309 3851 1393 3916 labri
1421 3857 1453 3912 et

280 3969 382 4052 alvei3
405 3969 532 4033 labrum
555 3971 667 4056 utique
692 3972 753 4036 sub
776 3971 899 4036 lumine
920 3972 1110 4036 faciendum
1130 3971 1277 4053 videtur,
1301 3993 1343 4034 nc
1366 3979 1451 4033 stan-

277 4094 327 4150 tes
347 4087 469 4150 circum
491 4089 559 4151 suis
579 4089 703 4153 umbris
726 4089 902 4153 obscurent
920 4090 1041 4172 lucem3
1065 4087 1192 4152 scholas
1215 4095 1323 4150 autem
1346 4086 1451 4151 labro-

233 4233 260 4273 30
279 4226 351 4267 rum
387 4205 434 4267 ita
473 4203 543 4268 lieri
580 4215 707 4292 oportet
743 4207 920 4293 spatiosas,
957 4207 1006 4270 uti
1046 4229 1120 4270 cum
1154 4208 1279 4292 priores
1314 4225 1449 4292 occupa-

278 4322 386 4384 verint
422 4321 510 4404 looa,
550 4323 858 4409 circumspectantes
897 4325 1015 4410 reliqui
1054 4333 1143 4388 recte
1180 4331 1266 4387 stare
1304 4325 1446 4408 possint;

279 4435 366 4500 alvei
388 4446 496 4500 autem
519 4437 657 4504 latitudo
684 4441 772 4504 »inter
795 4443 953 4525 parietem
978 4450 1009 4506 ct
1035 4441 1182 4529 pluteum
1208 4463 1249 4506 ne
1276 4441 1384 4506 minus
1406 4439 1446 4504 sit
