3008 5162
299 467 358 530 134
800 475 958 524 mrsuvn

297 629 432 696 habebit
460 638 493 694 et
518 631 730 717 'figurationis
757 630 925 717 aspectum
953 637 1144 714 venustum,
1178 637 1212 694 et
1239 629 1351 693 aditus
1373 651 1453 692 usum
1497 617 1498 658 ³

298 751 369 815 sine
398 748 686 836 impeditionibus,
717 757 748 813 et
775 751 863 814 circa
890 748 1006 814 cellam
1028 747 1207 816 ambulatio
1230 749 1453 813 auctoritatem.

298 875 327 933 7.
349 866 457 931 Huius
478 875 587 931 autem
613 869 662 931 rei
688 867 772 931 ratio
801 865 1021 952 explicabitur
1042 868 1100 931 sic.
1144 866 1250 930 Frons
1277 863 1359 947 loci,
1385 885 1454 950 quae

298 987 333 1050 in
355 984 436 1049 aede
458 985 634 1048 constituta
656 984 771 1074 fuerit,
794 986 824 1048 si
844 983 1034 1070 tetrastylos
1056 983 1211 1048 facienda
1232 982 1336 1046 fuerit
1348 1032 1357 1065 ,
1379 983 1455 1046 divi·
1498 959 1499 1000 ¹

267 1103 394 1166 adatur
412 1103 447 1164 in
464 1110 576 1187 partes
598 1101 749 1166 undecim
773 1102 871 1166 semis
892 1089 1024 1188 praeter
1042 1101 1226 1188 crepidines
1250 1109 1282 1165 ct
1309 1100 1454 1188 proiectu·

298 1243 351 1287 ras
376 1220 554 1307 spirarum3
577 1220 605 1284 si
627 1242 687 1284 sex
709 1221 771 1284 erit
789 1219 1027 1303 columnarum,
1056 1221 1092 1283 iu
1113 1224 1222 1306 partes
1245 1218 1360 1283 decem
1380 1223 1453 1281 octo:
1499 1278 1500 1340 ,

299 1342 327 1404 si
361 1336 537 1425 octastylos
571 1340 802 1421 constituetur,
843 1338 1011 1404 dividatur
1046 1338 1082 1400 in
1111 1336 1231 1418 viginti
1265 1343 1403 1421 quatuor
1430 1342 1456 1397 et
1499 1353 1500 1414 j

298 1457 476 1522 semissem.
522 1455 606 1521 Item
626 1479 668 1520 ex
689 1457 740 1521 his
763 1455 911 1544 partibus
935 1456 1005 1519 sive
1023 1455 1189 1540 tetrastyli
1211 1455 1283 1518 siue
1305 1451 1455 1537 hexastyli

299 1576 370 1648 sive
393 1572 545 1659 octastyli
567 1596 634 1638 una
660 1596 738 1661 pars
762 1565 932 1655 sumatur,
961 1593 1064 1659 eaque
1091 1571 1152 1636 erit
1176 1570 1329 1636 modulus
1339 1594 1352 1654 3·
1377 1570 1455 1634 cuius

257 1712 281 1753 ro
298 1689 422 1757 moduli
442 1691 540 1756 unius
563 1693 625 1755 erit
647 1691 839 1772 crassitudo¹
853 1690 1089 1754 columnarum.
1133 1687 1389 1754 Intercolumnia
1404 1688 1457 1751 sin·
1500 1709 1501 1776 t

298 1809 393 1891 gula,
422 1816 552 1893 praeter
573 1807 697 1890 media,
728 1808 932 1874 modulorum
962 1807 1100 1873 duorum
1128 1813 1160 1869 et
1187 1804 1313 1870 moduli
1335 1813 1457 1892 quartae
1500 1813 1501 1816 ’

299 1925 417 2010 partis,
440 1923 593 1988 mediana
619 1925 655 1989 in
682 1924 790 1990 fronte
817 1934 849 1990 et
874 1925 1000 2013 postico
1021 1921 1152 2008 singula
1173 1931 1304 1987 ternum
1325 1923 1457 1988 modulo·

298 2062 388 2122 rum3
416 2041 563 2126 ipsarum
590 2039 814 2106 columnarum
841 2042 980 2108 altitudo
1003 2040 1206 2106 modulorum
1228 2062 1348 2107 novem
1370 2049 1401 2104 et
1420 2039 1458 2103 di-

299 2157 421 2222 midiae
451 2156 577 2222 moduli
607 2160 723 2246 partis.
778 2160 831 2226 Ita
864 2182 908 2224 ex
940 2181 979 2224 ea
1007 2159 1170 2223 divisione
1207 2158 1457 2239 intercolumnia,

257 2292 282 2334 ¹5
298 2274 549 2361 altitudinesque
583 2251 809 2344 columnarum
844 2276 1012 2342 habebunt
1048 2275 1168 2341 iustam
1206 2277 1379 2341 rationem.
1433 2277 1457 2338 8.

294 2392 406 2476 Huius
433 2391 602 2481 exemplar
628 2395 752 2460 Romae
782 2394 908 2461 nullum
941 2394 1115 2478 habemus,
1148 2394 1208 2459 sed
1234 2395 1270 2459 in
1294 2395 1378 2461 Asia
1400 2393 1458 2457 Teo

298 2509 496 2596 hexastylon
517 2509 631 2577 Liberi
653 2511 772 2576 Patris.

385 2743 466 2830 (29.)
492 2744 560 2808 Eas
582 2753 692 2810 autem
714 2746 920 2832 symmetrias
944 2745 1114 2810 constituit
1143 2745 1384 2834 Hermogenes,
1412 2750 1461 2836 qui
1502 2685 1503 2726 l

299 2864 397 2926 etiam
426 2863 550 2948 primus
579 2863 706 2928 invenit
737 2862 935 2948 hexastylon
963 2863 1210 2950 pseudodipteri
1239 2869 1460 2933 variationem.

256 3002 282 3041 ro
298 2979 354 3042 Ex
379 2979 498 3064 dipteri
523 2980 609 3044 enim
637 2981 729 3045 aedis
758 2982 948 3067 symmetria
976 2981 1108 3046 sustulit
1138 2984 1310 3050 interiores
1324 2987 1461 3051 'ordines

299 3097 522 3162 columnarum
552 3098 759 3180 XXXVIII,
793 3119 896 3185 caque
936 3099 1062 3163 ratione
1102 3107 1258 3187 sumptus
1288 3127 1461 3191 operasque

299 3213 483 3301 compendii
507 3214 596 3280 fecit.
640 3216 674 3279 Is
697 3217 732 3280 in
753 3215 862 3280 medio
889 3216 1106 3302 ambulationi
1132 3218 1354 3285 laxamentum
1379 3243 1462 3308 egre-

298 3333 352 3417 gie
374 3331 462 3396 circa
483 3329 599 3400 cellam
621 3332 715 3416 fecit,
736 3333 777 3399 de
797 3343 996 3422 aspectuque
1016 3333 1099 3400 nihil
1117 3335 1296 3421 imminuit,
1321 3339 1378 3402 sed
1398 3341 1462 3403 sine

299 3449 461 3515 desiderio
478 3471 754 3536 supervacuorum
775 3453 986 3518 conservavit
1000 3455 1227 3519 auctoritatem
1243 3456 1344 3521 totius
1361 3455 1462 3544 operis

257 3590 282 3630 as
300 3566 539 3632 distributione.
584 3570 614 3634 9.
638 3568 841 3636 Pteromatos
871 3574 957 3634 enim
984 3572 1068 3636 ratio
1094 3581 1127 3635 et
1154 3571 1378 3639 columnarum
1408 3575 1461 3638 cir·

299 3705 373 3747 cum
402 3683 517 3748 aedem
544 3683 713 3770 dispositio
743 3687 818 3751 ideo
841 3695 890 3752 est
917 3690 1068 3773 inventa,
1099 3698 1135 3754 ut
1157 3700 1315 3778 'aspectus
1329 3701 1462 3779 'propter

298 3801 507 3886 asperitatem
534 3800 857 3868 intercolumniorum
882 3803 1001 3869 habeat
1028 3805 1272 3891 auctoritatem3
1301 3809 1463 3896 praeterea

300 3920 328 3981 si
349 3939 396 4008 ex,
409 3915 568 3982 imbribus
591 3939 697 4006 aquae
717 3921 769 3985 vis
788 3925 998 4010 occupaverit
1014 3933 1045 3989 et
1061 3925 1281 3992 intercluserit
1300 3927 1462 3991 hominum

298 4034 558 4132 multitudinem,
586 4043 623 4100 ut
650 4035 769 4102 habeat
794 4039 830 4102 in
860 4040 942 4103 aede
965 4042 1117 4128 circaque
1143 4042 1259 4107 cellam
1283 4066 1356 4108 cum
1377 4043 1463 4108 laxa-

256 4172 283 4212 to
300 4161 409 4218 mento
432 4151 569 4218 liberam
592 4176 727 4220 moram.
773 4155 854 4243 (30.)
884 4156 976 4224 Haec
1002 4169 1111 4234 autem
1136 4162 1182 4224 ita
1204 4161 1411 4250 explicantur
1432 4163 1462 4225 in

300 4269 562 4356 pseudodipteris
590 4271 720 4336 aedium
747 4273 1030 4361 dispositionibus.
1076 4276 1186 4356 Quare
1215 4278 1356 4344 videtur¹
1370 4287 1462 4344 acuta

300 4407 484 4472 magnaque
505 4386 651 4452 sollertia
673 4390 807 4456 effectus
829 4416 963 4480 operum
985 4396 1210 4482 Hermogenes
1234 4397 1367 4480 fecisse,
1391 4395 1463 4460 reli·
