3028 5164
251 447 310 512 188
744 457 903 504 vlrsuvu

249 577 489 680 constituuntur
521 621 586 677 tam
616 610 718 694 altae,
749 619 871 696 quanta
899 609 941 674 ab
973 612 1128 676 extremis
1155 610 1337 698 parietibus
1369 618 1432 675 est
1507 616 1508 666 l

249 731 423 834 diametros
448 730 699 818 stylobatarum3
722 751 854 794 crassae
871 728 1053 794 altitudinis
1072 752 1151 794 suae
1169 751 1243 793 cum
1264 730 1432 817 capitulis
1507 727 1508 732 ’

250 859 282 914 et
305 851 401 935 spiris
424 850 568 913 decimae
587 850 700 934 partis.
745 846 944 935 Epistylium
974 848 1076 911 altum
1104 849 1275 912 columnae
1298 850 1431 912 crassi-

250 967 372 1031 tudinis
396 966 530 1031 dimidia
550 975 658 1053 parte,
688 967 850 1053 zophorus
874 975 905 1028 et
932 967 1073 1054 reliqua,
1096 987 1181 1052 quae
1202 967 1336 1052 insuper
1359 967 1431 1029 im-

222 1109 234 1148 s
251 1092 429 1171 ponuntur,
452 1085 498 1148 ita
518 1085 567 1148 uti
589 1085 741 1149 intortio
762 1083 927 1150 volumine
950 1083 991 1148 de
1012 1086 1210 1170 symmetriis
1229 1086 1359 1170 scripsi.

334 1288 364 1350 2.
389 1286 470 1373 (58.)
494 1287 552 1350 Sin
574 1294 684 1351 autem
705 1285 885 1372 peripteros
908 1307 947 1348 oa
976 1285 1074 1349 aedes
1096 1289 1328 1371 constituetur,
1353 1289 1430 1354 duo

250 1405 370 1490 gradus
391 1413 423 1468 et
438 1403 601 1491 stylobata
622 1405 663 1470 ab
686 1406 751 1469 imo
771 1404 1027 1486 constituantur3
1049 1404 1168 1469 deinde
1184 1405 1285 1470 cellae
1305 1410 1429 1493 paries

129 1587 131 1594 ,
250 1499 425 1588 collocetur
453 1543 525 1586 cum
555 1545 686 1588 recessu
714 1523 785 1586 eius
808 1544 828 1585 a
849 1521 1015 1608 stylobata
1039 1521 1126 1585 circa
1154 1532 1279 1609 partem
1308 1523 1430 1588 latitu-

252 1642 336 1706 dinis
360 1643 524 1728 quintam,
553 1641 724 1728 medioque
746 1639 917 1704 valvarum
945 1638 1036 1704 locus
1059 1639 1102 1702 ad
1123 1639 1231 1704 aditus
1253 1642 1431 1729 relinqua·
1509 1673 1510 1698 ι

209 1786 233 1827 10
249 1769 320 1842 tur3
342 1782 444 1845 eaque
467 1759 549 1822 cella
570 1768 694 1822 tantam
717 1759 836 1823 habeat
858 1758 1049 1822 diametrum
1073 1768 1203 1845 praeter
1221 1763 1367 1847 parietes
1392 1774 1431 1828 et

249 1879 523 1959 circumitionem,
553 1886 707 1963 quantam
735 1877 943 1942 altitudinem
972 1875 1123 1939 columna
1150 1900 1249 1965 supra
1275 1880 1429 1965 styloba-

249 2006 325 2060 tam.
372 1993 550 2059 Columnae
574 1995 696 2059 circum
717 1994 834 2060 cellam
853 1993 971 2059 iisdem
988 1995 1252 2081 proportionibus
1279 2019 1429 2084 symme-

249 2114 385 2199 triisque
412 2113 635 2200 disponantur.
682 2117 712 2178 3.
745 2113 785 2176 In
812 2113 920 2177 medio
949 2113 1027 2176 tecti
1053 2113 1137 2177 ratio
1173 2115 1220 2176 ita
1247 2113 1427 2200 habeatur,

249 2233 298 2296 uti
319 2238 441 2318 quanta
461 2230 635 2295 diametros
656 2233 757 2296 totius
780 2233 888 2318 operis
906 2231 969 2294 erit
991 2229 1102 2296 futura
1124 2231 1259 2295 dimidia
1279 2232 1428 2300 altitudo

211 2376 233 2417 ts
249 2352 308 2415 fiat
335 2349 416 2414 tholi
443 2358 572 2436 praeter
594 2349 721 2434 florem3
748 2350 809 2416 flos
832 2359 940 2416 autem
966 2356 1092 2414 tantam
1117 2349 1237 2414 habeat
1255 2352 1427 2437 magnitu-

252 2470 376 2553 dinem,
400 2478 553 2557 quantam
573 2469 725 2533 habuerit
740 2470 775 2532 in
790 2467 940 2532 columna
958 2468 1151 2553 capitulum,
1175 2476 1303 2555 praeter
1322 2492 1426 2556 pyra-

240 2588 381 2652 midem.
427 2587 583 2674 Reliqua,
613 2587 660 2649 uti
690 2609 788 2671 supra
815 2586 937 2671 scripta
960 2592 1051 2668 sunt,
1078 2586 1125 2648 cis
1152 2587 1424 2672 proportionibus

251 2716 348 2792 atque
371 2705 568 2792 symmetriis
591 2705 745 2769 facienda
761 2704 926 2770 videntur.

337 2912 367 2972 4.
404 2907 487 2992 (59.)
525 2906 608 2969 Item
642 2905 817 2991 generibus
857 2905 931 2968 aliis
969 2906 1211 2969 constituuntur
1241 2907 1339 2972 aedes
1377 2932 1427 2976 ex

207 3055 234 3096 ro
252 3026 367 3091 iisdem
405 3025 600 3111 symmetriis
639 3024 826 3106 ordinatae,
864 3032 896 3086 et
932 3022 996 3086 alio
1032 3045 1152 3109 genere
1186 3023 1426 3111 dispositiones

250 3144 423 3225 habentes,
451 3143 500 3204 uti
527 3150 577 3206 est
600 3140 745 3206 Castoris
773 3141 806 3202 in
833 3139 929 3205 Circo
957 3139 1139 3223 Flaminio,
1169 3149 1201 3204 et
1230 3142 1315 3206 inter
1337 3143 1426 3210 duos

251 3265 341 3326 lucos
359 3260 512 3342 Veiovis,
530 3261 608 3324 item
631 3259 780 3342 argutius
798 3257 939 3322 Nemore
954 3257 1083 3322 Dianae
1101 3258 1260 3322 columnis
1280 3261 1425 3328 adiectis

252 3381 368 3445 dextra
395 3401 434 3443 ac
463 3379 596 3442 sinistra
624 3378 666 3441 ad
694 3376 845 3440 humeros
875 3355 1001 3462 pronai.
1052 3375 1125 3441 Hoc
1155 3386 1264 3440 autem
1298 3401 1424 3462 genere

253 3499 356 3586 primo
379 3497 485 3561 factae
507 3503 599 3577 sunt,
621 3496 670 3558 uti
692 3502 742 3558 est
762 3493 909 3558 Castoris
931 3493 966 3556 in
989 3492 1101 3576 Oirco,
1128 3492 1267 3558 Athenis
1289 3494 1324 3558 in
1344 3518 1423 3561 arce

209 3639 235 3679 rs
254 3623 286 3678 et
305 3615 340 3677 in
359 3615 470 3677 Attica
493 3611 585 3676 Sunii
612 3610 757 3674 Palladis
778 3611 960 3675 Minervae.
1005 3610 1138 3673 Earum'
1157 3632 1224 3675 non
1252 3611 1335 3676 aliae
1362 3615 1423 3678 sed

253 3731 386 3796 eaedem
408 3739 484 3794 sunt
504 3714 739 3817 proportiones.
784 3727 896 3792 Oellae
919 3728 1006 3790 enim
1028 3727 1289 3812 longitudinibus
1314 3728 1423 3815 dupli-

252 3871 305 3917 ces
330 3855 405 3911 sunt
427 3847 470 3910 ad
491 3846 698 3929 latitudines,
721 3847 769 3909 uti
791 3843 953 3930 reliquae,
977 3852 1009 3908 et
1031 3836 1064 3921 ἐξ
1087 3849 1187 3928 ἴσων,
1211 3867 1294 3931 quae
1314 3845 1423 3910 solent

252 3987 323 4030 esse
344 3966 380 4029 in
402 3963 581 4046 frontibus,
607 3961 650 4026 ad
671 3961 775 4026 latera
796 3970 872 4026 sunt
893 3961 1065 4026 translata.

232 4169 239 4180 ·
335 4154 365 4214 5.
388 4149 471 4236 (60.)
494 4148 653 4214 Nonnulli
675 4149 772 4212 etiam
789 4147 828 4211 de
844 4147 1038 4210 Tuscanicis
1057 4144 1234 4240 generibus
1253 4155 1422 4212 sumentes

206 4287 232 4328 ao
252 4267 475 4330 columnarum
493 4266 739 4353 dispositiones,
768 4264 970 4330 transferunt
991 4264 1026 4326 in
1049 4263 1295 4328 Corinthiorum
1315 4271 1348 4328 et
1370 4263 1424 4328 Io·

251 4383 398 4446 uicorum
429 4404 561 4467 operum
594 4384 832 4464 ordinationes3
862 4388 893 4444 et
919 4380 1037 4465 quibus
1065 4382 1100 4442 in
1125 4379 1205 4460 locis
1233 4381 1268 4443 in
1294 4399 1420 4465 pronao
