3008 5162
257 411 318 474 120
483 458 485 461 ,
757 417 917 466 vrrnuvu

255 573 384 640 civibus
405 572 572 638 nobilibus
593 593 692 659 opera
714 569 878 652 fecerunt,
909 569 956 633 ita
983 569 1018 633 id
1040 576 1117 632 sunt
1139 568 1259 654 adepti.
1305 569 1429 655 Atqui

255 715 320 758 non
346 693 472 756 minore
499 690 608 755 studio
639 697 671 754 et
699 689 832 773 ingenio
861 687 1070 774 sollertiaque
1095 687 1228 752 fuerunt
1248 685 1426 768 nobilibus,

257 820 289 876 et
307 809 422 875 humili
443 809 575 874 fortuna
596 808 725 873 civibus
746 827 812 870 non
835 807 941 872 minus
961 806 1094 891 egregie
1113 803 1261 891 perfecta
1277 805 1428 869 fecerunt

258 950 371 1016 opera,
398 926 522 991 nullam
549 925 738 990 memoriam
764 933 841 988 sunt
868 924 1029 1008 assecuti,
1059 923 1147 1010 quod
1174 924 1209 988 hi
1230 946 1298 990 non
1321 923 1366 988 ab
1387 924 1427 986 in-

228 1067 240 1104 5
257 1046 399 1129 dustria,
422 1067 528 1132 neque
549 1045 628 1108 artis
655 1041 815 1125 sollertia,
836 1042 893 1106 sed
916 1065 936 1107 a
956 1042 1116 1107 felicitate
1137 1042 1271 1108 fuerunt
1292 1043 1428 1126 deserti,

257 1173 294 1228 ut
314 1162 429 1228 Hellas
449 1161 679 1244 Atheniensis,
703 1158 811 1225 Chion
834 1159 1040 1243 Corinthius,
1063 1160 1223 1247 Myagrus
1244 1160 1428 1242 Phocaeus,

259 1281 390 1348 Pharax
416 1279 599 1368 Ephesius,
629 1279 758 1346 Boedas
788 1277 989 1365 Byzantius,
1024 1279 1187 1366 etiamque
1213 1279 1272 1344 alii
1304 1279 1427 1367 plures.

259 1399 333 1464 Non
354 1401 463 1463 minus
485 1399 563 1464 item
584 1400 743 1484 pictores,
773 1397 821 1461 uti
846 1397 1072 1486 Aristomenes
1093 1396 1250 1482 Thasius,
1276 1397 1429 1484 Polycles

260 1526 292 1582 et
313 1515 547 1582 Andramithes
568 1516 841 1600 Nicomedenses,
875 1517 1058 1604 ceterique,
1089 1539 1171 1604 quos
1200 1537 1308 1604 neque
1339 1516 1429 1581 indu-

217 1658 242 1700 ro
260 1637 340 1700 stria
358 1657 464 1724 neque
486 1635 565 1700 artis
594 1637 738 1701 studium
761 1658 866 1723 neque
890 1635 1034 1700 sollertia
1056 1636 1192 1720 defecit,
1221 1637 1281 1701 sed
1303 1644 1363 1701 aut
1385 1638 1430 1700 rei

238 1743 239 1746 ¹
260 1753 432 1818 familiaris
456 1753 636 1838 exiguitas,
665 1761 723 1819 aut
752 1751 961 1819 imbecillitas
988 1753 1156 1838 fortunae,
1185 1777 1244 1820 seu
1266 1760 1302 1819 in
1325 1755 1427 1819 ambi-

260 1872 347 1934 tione
360 1871 548 1935 certationis
568 1871 804 1938 contrariorum
818 1873 983 1959 superatio
996 1872 1124 1938 obstitit
1140 1895 1252 1938 eorum
1265 1873 1428 1959 dignitati

346 2109 376 2172 3.
410 2107 470 2192 (3.)
504 2105 573 2172 Nec
606 2116 717 2174 tamen
749 2117 801 2174 est
832 2109 1077 2193 admirandum,
1112 2111 1141 2173 si
1176 2118 1309 2198 propter
1340 2113 1427 2196 igno·

260 2226 366 2290 titiam
391 2227 470 2290 artis
498 2225 638 2292 virtutes
665 2227 897 2311 obscurantur,
928 2227 987 2292 sed
1016 2228 1160 2292 maxime
1177 2228 1425 2314 indignandum,

218 2365 243 2406 rs
261 2367 335 2409 cum
369 2346 467 2410 etiam
501 2367 598 2433 saepe
628 2345 865 2412 blanditiarum
901 2347 1010 2431 gratia
1044 2347 1260 2412 conniveatur
1292 2369 1312 2412 a
1343 2346 1426 2413 veris
1491 2369 1492 2388 ¹

261 2465 392 2529 iudiciis
416 2464 459 2528 ad
485 2462 604 2529 falsam
626 2463 865 2552 probationem.
910 2463 1000 2549 Ergo
1022 2465 1071 2528 uti
1099 2461 1226 2529 Socrati
1252 2464 1377 2552 placuit
1402 2461 1426 2526 si

260 2585 306 2652 ita
339 2605 454 2648 sensus
487 2592 520 2647 et
549 2585 730 2648 sententiae
756 2584 977 2669 scientiaeque
1006 2583 1189 2670 disciplinis
1219 2592 1335 2648 auctae
1360 2605 1427 2670 per·
1491 2635 1492 2640 ,

263 2702 397 2788 spicuae
418 2710 452 2765 et
472 2701 659 2786 perlucidae
683 2702 838 2785 fuissent,
869 2724 934 2767 non
962 2703 1071 2787 gratia
1092 2724 1197 2788 neque
1219 2701 1354 2768 ambitio
1374 2722 1426 2766 va-

263 2818 361 2901 leret,
391 2817 450 2883 sed
479 2820 507 2882 si
532 2821 588 2906 qui
615 2822 703 2886 veris
732 2821 895 2908 certisque
916 2820 1085 2887 laboribus
1113 2821 1336 2887 doctrinarum
1359 2840 1426 2907 per-

217 2936 429 3000 arcuissent
453 2935 496 3001 ad
518 2939 688 3027 scientiam
711 2961 886 3024 summam,
915 2941 963 3004 eis
984 2939 1070 3004 ultro
1093 2961 1192 3027 opera
1211 2939 1425 3004 traderentur.

263 3051 425 3134 Quoniam
458 3063 567 3121 autem
599 3079 638 3122 ea
670 3080 736 3123 non
767 3066 843 3123 sunt
872 3058 1016 3122 illustria
1043 3080 1149 3144 neque
1178 3059 1372 3145 apparentia
1391 3057 1426 3138 ¹in

262 3179 414 3259 aspectu,
434 3181 471 3238 ut
490 3182 642 3261 putamus
669 3177 868 3264 oportuisse,
893 3186 925 3242 et
947 3177 1189 3261 animadverto,
1209 3177 1318 3262 potius
1339 3175 1426 3240 indo·

263 3298 331 3355 ctos
351 3312 448 3378 quam
471 3289 582 3359 doctos
611 3295 718 3380 gratia
746 3318 919 3384 superare,
947 3319 1013 3362 non
1034 3318 1107 3360 esse
1134 3296 1326 3360 certandum
1347 3293 1426 3359 iudi-

262 3429 340 3473 cans
371 3431 444 3474 cum
477 3411 619 3478 indoctis
656 3414 850 3500 ambitione,
887 3415 996 3502 potius
1031 3414 1081 3478 his
1115 3414 1298 3501 praeceptis
1334 3411 1425 3478 editis

217 3551 244 3594 a
262 3525 430 3594 ostendam
454 3537 583 3595 nostrae
607 3532 764 3598 scientiae
787 3535 952 3599 virtutem.

347 3769 407 3854 (4.)
431 3767 567 3854 Itaque,
593 3768 789 3857 Imperator,
806 3772 854 3862 ¹in
881 3773 985 3859 primo
1014 3771 1180 3838 volumine
1205 3771 1268 3836 tibi
1288 3771 1331 3836 de
1351 3777 1425 3848 arte,
1491 3823 1492 3828 ,

260 3896 293 3950 et
315 3908 397 3975 quas
415 3886 535 3951 habeat
553 3870 592 3951 ea
610 3889 766 3972 virtutes,
789 3889 972 3978 quibusque
992 3891 1174 3978 disciplinis
1190 3897 1339 3978 oporteat
1361 3905 1425 3953 esse

261 4015 393 4071 auctum
429 4005 642 4071 architectum
672 4011 827 4096 exposui,
866 4017 898 4074 et
935 4007 1062 4075 subieci
1099 4030 1231 4092 causas,
1271 3997 1350 4096 quid
1385 4005 1426 4070 ita
1491 4023 1492 4048 ¹

219 4151 244 4192 so
262 4147 375 4189 earum
395 4133 542 4212 oporteat
566 4148 640 4190 eum
663 4148 734 4192 esse
755 4129 914 4213 peritum,
936 4128 1145 4213 rationesque
1163 4148 1309 4192 summae
1330 4123 1426 4191 archi·

262 4250 408 4308 tecturae
422 4244 598 4330 partitione
617 4245 773 4312 distribui
789 4247 1058 4332 finitionibusque
1072 4247 1258 4312 terminavi.
1292 4243 1425 4322 Deinde,

262 4361 350 4448 quod
377 4369 447 4427 erat
473 4363 613 4447 primum
643 4372 675 4428 et
697 4367 933 4448 necessarium,
966 4363 1137 4430 moenibus
1160 4363 1425 4452 quemadmodum
