3008 5162
270 439 330 502 112
773 454 928 500 vrrauvn

267 605 350 668 Eius
372 628 451 669 vero
474 608 591 688 montis
618 607 730 691 iugum
757 629 791 670 se
819 607 1045 690 circumagens
1073 614 1104 670 et
1131 607 1241 670 media
1262 613 1427 670 curvatura

268 746 368 811 prope
400 733 540 809 tangens
568 747 641 788 oras
666 727 765 789 maris
791 723 931 787 Adriani
963 725 1122 810 pertingit
1154 723 1427 788 circumitionibus

268 852 383 907 contra
412 843 543 907 fretum.
593 844 709 931 Itaque
740 843 869 907 citerior
898 843 966 906 eius
993 852 1184 927 curvatura,
1217 866 1301 929 quae
1331 844 1427 926 vergit

269 961 311 1025 ad
330 961 484 1025 Etruriae
507 960 772 1051 Campaniaeque
792 962 959 1047 regiones,
989 963 1109 1049 apricis
1133 969 1181 1026 est
1202 961 1426 1048 potestatibus3

238 1101 409 1166 suamque
432 1080 573 1166 impetus
602 1079 702 1142 habet
726 1087 900 1165 perpetuos
926 1081 968 1144 a'd
998 1080 1077 1145 solis
1105 1103 1246 1148 cursum.
1292 1079 1427 1143 Ulterior

253 1183 396 1281 autem,
426 1219 510 1283 quae
533 1205 581 1261 est
602 1196 784 1283 proclinata
807 1196 849 1260 ad
872 1220 1025 1284 superum
1053 1221 1159 1282 mare,
1192 1196 1427 1285 septentrionali

269 1317 396 1402 regioni
425 1315 572 1379 subiecta
598 1317 783 1381 continetur
810 1314 973 1380 umbrosis
1006 1328 1038 1381 et
1069 1319 1179 1406 opacis
1213 1315 1427 1403 perpetuitati-

268 1435 340 1499 bus.
385 1434 501 1521 Itaque
533 1456 617 1520 quae
645 1435 680 1497 in
711 1455 749 1496 ea
781 1442 874 1519 parte
905 1444 1086 1500 nascuntur
1117 1433 1265 1517 arbores,
1301 1431 1425 1496 humida

268 1561 428 1640 potestate
465 1553 623 1635 nutritae,
663 1573 729 1616 non
760 1550 863 1616 solum
899 1554 992 1641 ipsae
1028 1561 1190 1638 augentur
1225 1551 1424 1637 amplissimis

225 1695 250 1736 10
268 1670 568 1756 magnitudinibus,
596 1671 663 1768 ⁸sed
699 1693 810 1734 earum
843 1694 972 1758 quoque
1008 1693 1127 1753 venae,
1161 1670 1306 1735 humoris
1342 1669 1426 1754 copia

268 1790 427 1875 repletae,
465 1797 633 1871 turgentes
671 1786 807 1873 liquoris
844 1775 1047 1855 abundantia
1087 1796 1285 1851 saturantur.
1351 1786 1424 1849 Cum

269 1915 377 1970 autem
402 1908 533 1968 excisae
556 1912 587 1966 et
609 1902 738 1970 dolatae
760 1908 894 1971 vitalem
915 1914 1108 1994 potestatem
1133 1905 1318 1987 amiserint,
1337 1923 1424 1968 vena-

268 2047 340 2087 rum
370 2024 478 2108 rigore
504 2029 717 2109 permanente
739 2007 958 2089 siccescendo
984 2034 1117 2111 propter
1149 2026 1318 2088 raritatem
1351 2021 1425 2084 fiunt

268 2144 382 2206 inanes
408 2149 440 2205 et
460 2141 637 2224 evanidae3
661 2141 799 2228 ideoque
821 2144 856 2206 in
878 2143 1038 2208 aedificiis
1059 2166 1126 2208 non
1154 2150 1293 2229 possunt
1315 2139 1424 2203 habere

226 2284 251 2324 15
269 2261 526 2325 diuturnitatem.
573 2263 602 2324 2.
626 2260 718 2339 Quae
741 2269 849 2325 autem
876 2261 919 2324 ad
949 2262 1027 2326 solis
1055 2283 1187 2324 cursum
1210 2257 1422 2345 spectantibus

268 2380 347 2445 locis
368 2387 597 2466 procreantur,
623 2401 688 2443 non
714 2377 872 2442 habentes
899 2380 1157 2445 interveniorum
1178 2380 1346 2460 raritates,
1372 2376 1423 2439 sic·

268 2498 423 2562 sitatibus
456 2505 611 2561 exsuctae
643 2494 838 2579 solidantur3
870 2498 947 2583 quia
973 2497 1021 2562 sol
1049 2520 1116 2562 non
1147 2498 1244 2561 modo
1278 2519 1320 2560 ex
1346 2507 1424 2558 terra

268 2615 456 2696 lambendo,
485 2614 544 2678 sed
572 2617 669 2678 etiam
701 2636 743 2677 ex
767 2614 940 2678 arboribus
969 2615 1080 2679 educit
1104 2615 1268 2678 humores.
1318 2615 1422 2698 Itaque

269 2737 400 2799 suntin
422 2733 541 2820 apricis
562 2732 751 2817 regionibus
776 2735 891 2820 spissis
914 2756 1072 2800 venarum
1099 2732 1331 2834 crebritatibus
1359 2729 1423 2794 soli-

223 2853 381 2934 sedatae,
411 2873 476 2915 non
503 2849 662 2948 babentes
684 2873 726 2914 ex
744 2851 879 2914 humore
896 2853 1085 2934 raritatem,
1114 2873 1197 2936 quae
1219 2873 1291 2914 cum
1312 2851 1347 2913 in
1367 2869 1423 2911 ma-

266 2971 380 3034 teriem
416 2967 643 3056 perdolentur‚
680 2968 822 3032 reddunt
853 2991 989 3054 magnas
1026 2968 1185 3033 utilitates
1217 2970 1260 3033 ad
1291 2975 1423 3034 vetusta-

266 3098 343 3152 tem.
402 3086 482 3150 Ideo
514 3071 707 3168 internatas,
742 3088 830 3173 quod
860 3110 903 3151 ex
938 3088 1059 3173 apricis
1097 3087 1177 3152 locis
1209 3093 1421 3174 apportantur,

266 3207 417 3270 meliores
449 3213 539 3287 sunt,
573 3226 669 3290 quam
701 3225 785 3289 quae
823 3205 864 3268 ab
898 3208 1007 3292 opacis
1043 3207 1083 3270 de
1115 3206 1343 3293 supernatibus
1374 3201 1421 3264 ad-

267 3324 441 3392 vehuntur.

223 3701 250 3744 25
352 3683 381 3744 3.
407 3679 488 3766 (65.)
522 3678 689 3758 Quantum
721 3679 829 3743 animo
867 3677 1074 3743 considerare
1104 3681 1212 3765 potui,
1247 3677 1287 3742 de
1316 3671 1419 3760 copiis,

224 3840 227 3845 r
267 3821 350 3885 quae
383 3806 458 3862 sunt
488 3801 693 3862 necessariae
727 3798 762 3861 in
791 3797 1014 3862 aedificiorum
1047 3795 1360 3885 comparationibus„
1392 3798 1419 3853 et

266 3917 385 4004 quibus
421 3917 648 4002 temperaturis
686 3938 703 3979 e
737 3893 852 3980 rerum
881 3925 999 3980 natura
1040 3917 1276 4002 principiorum
1310 3913 1419 3978 habere

264 4035 440 4099 videantur
465 4035 671 4117 mixtionem,
701 4055 849 4120 quaeque
880 4035 993 4098 insunt
1024 4036 1059 4098 in
1088 4032 1226 4118 singulis
1254 4031 1418 4118 generibus

266 4154 405 4217 virtutes
425 4160 457 4214 et
477 4153 575 4235 vitia,
598 4153 646 4215 uti
673 4175 738 4216 non
762 4155 829 4217 sint
853 4151 1253 4237 ignotaaedificantibus,
1282 4146 1418 4236 exposui.

223 4269 317 4337 solta
346 4271 402 4355 qui
428 4269 593 4354 potuerint
619 4291 730 4332 eorum
752 4279 1000 4356 praeceptorum
1029 4269 1122 4354 sequi
1146 4269 1419 4355 praescriptiones,

267 4395 360 4450 erunt
397 4385 639 4469 prudentiores,
666 4384 948 4472 'singulorumque
985 4406 1149 4470 generum
1177 4406 1274 4448 usum
1311 4384 1419 4466 eligere
