3008 5162
263 413 303 475 78
768 425 927 473 vrrncvn

348 580 377 642 2.
402 578 482 665 (24.)
503 577 648 642 Ardores
671 585 780 641 autem
802 601 873 642 esse
902 579 938 641 in
959 577 1010 642 his
1033 577 1114 642 locis
1121 629 1130 661 ,
1154 581 1254 644 etiam
1275 578 1351 643 haec
1372 603 1418 644 res

165 705 167 711 '
261 704 369 784 potest
392 695 556 776 indicare,
583 693 670 781 quod
699 695 736 758 in
763 696 929 760 montibus
953 696 1176 760 Cumanorum
1198 697 1333 762 Baianis
1354 709 1420 761 sunt

261 814 333 880 loca
352 814 580 879 sudationibus
602 823 777 898 excavata,
805 817 838 877 in
868 814 987 901 quibus
1010 837 1112 901 vapor
1135 814 1284 879 fervidus
1304 815 1344 878 ab
1364 817 1420 878 imo

261 956 398 1022 nascens
427 935 514 1017 ignis
542 933 749 999 vehementia
776 933 922 1019 perforat
951 955 1021 996 eam
1050 941 1186 1015 terram,
1216 955 1421 1020 pereamque

231 1053 425 1116 smanando
447 1054 482 1115 in
503 1052 554 1116 his
576 1050 656 1116 locis
677 1053 789 1134 oritur,
812 1053 908 1114 etita
930 1050 1138 1116 sudationum
1158 1053 1309 1136 egregias
1332 1052 1421 1116 efficit

261 1171 430 1238 utilitates.
475 1169 549 1235 Non
578 1171 685 1234 minus
717 1171 815 1234 etiam
838 1178 1060 1236 memorantur
1084 1170 1265 1255 antiquitus
1289 1171 1421 1238 crevisse

177 1325 180 1330 ·
260 1291 393 1354 ardores
416 1299 448 1353 et
467 1288 688 1368 abundavisse
710 1288 770 1352 sub
793 1287 938 1354 Vesuvio
958 1300 1078 1371 monte,
1101 1297 1133 1352 et
1154 1287 1232 1352 inde
1247 1290 1422 1354 evomuisse

260 1409 347 1471 circa
368 1429 466 1492 agros
485 1406 661 1470 flammam.
707 1405 852 1492 ideoque
867 1413 946 1470 tunc
964 1429 1047 1494 quae
1064 1407 1203 1492 spongia
1225 1408 1297 1470 sive
1312 1427 1422 1492 pumex

260 1525 479 1613 Pompeianus
510 1535 645 1592 vocatur
669 1533 804 1588 excocta
832 1545 874 1588 ex
905 1525 969 1591 alio
995 1547 1116 1610 genere
1142 1523 1262 1610 lapidis
1290 1526 1327 1588 in
1351 1525 1423 1586 hane

217 1665 242 1706 ro
259 1643 393 1707 redacta
418 1665 490 1706 esse
512 1644 644 1708 videtur
670 1645 800 1726 generis
831 1643 1031 1730 qualitatem.
1077 1647 1108 1707 3.
1139 1643 1221 1730 (25.)
1253 1642 1296 1706 Id
1324 1652 1423 1706 autem

260 1783 364 1844 genus
384 1761 556 1847 spongiae,
587 1760 674 1847 quod
702 1761 778 1826 inde
808 1764 979 1844 eximitur,
1012 1783 1077 1825 non
1106 1763 1141 1824 in
1170 1760 1322 1824 omnibus
1352 1760 1424 1823 locis

259 1881 414 1958 nascitur,
438 1855 507 1940 nisi
520 1877 644 1940 circum
659 1879 801 1944 Aetnam
824 1889 856 1944 et
878 1879 1016 1945 collibus
1032 1879 1170 1965 Mysiae,
1193 1900 1314 1966 quasa
1329 1878 1426 1943 Grae-

260 1996 307 2057 cis
330 1992 604 2076 κατακεκαυμένη
624 1997 827 2081 nominatur,
858 2000 939 2063 etsi
962 2021 1046 2085 quae
1069 1998 1230 2061 eiusmodi
1252 2007 1329 2062 sunt
1348 1996 1425 2060 loco·

259 2136 330 2177 rum
364 2114 590 2199 proprietates.
643 2113 678 2178 si
711 2138 789 2200 ergo
816 2117 851 2179 in
879 2117 930 2180 his
959 2115 1039 2181 loeis
1072 2137 1231 2202 aquarum
1265 2114 1426 2178 ferventes

217 2257 241 2298 15
259 2233 472 2298 inveniuntur
498 2232 621 2316 fontes,
652 2241 683 2295 et
713 2234 746 2296 in
777 2234 927 2298 omnibus
951 2235 1120 2298 excavatis
1151 2232 1252 2296 calidi
1277 2253 1424 2319 vapores,

257 2353 393 2439 ipsaque
420 2351 492 2416 loc'a
516 2352 558 2416 ab
590 2352 734 2438 antiquis
767 2362 988 2416 memorantur
1019 2360 1251 2440 pervagantes.
1272 2351 1309 2413 in
1342 2351 1425 2434 agris

258 2469 413 2534 habuisse
441 2471 591 2554 ardores,
619 2470 750 2535 videtur
779 2495 850 2536 esse
872 2480 1012 2554 certum,
1039 2469 1081 2533 ab
1111 2471 1198 2554 ignis
1222 2467 1427 2533 vehementia

259 2611 301 2651 ex
325 2588 393 2652 tofo
417 2597 585 2675 terraque,
615 2589 887 2676 quemadmodum
910 2589 945 2652 in
968 2587 1159 2653 fornacibus
1182 2609 1225 2652 ex
1246 2586 1355 2670 calce,
1383 2587 1425 2648 ita
1495 2645 1499 2670 ,

259 2729 301 2769 ex
322 2706 373 2769 his
396 2714 543 2793 ereptum
566 2729 636 2778 esse
664 2708 834 2796 liquorem.
878 2713 909 2771 4.
937 2708 1044 2793 Igitur
1073 2704 1289 2806 dissimilibus
1314 2713 1348 2770 et
1368 2705 1427 2768 dis-

213 2822 394 2910 suparibus
417 2823 514 2887 rebus
536 2827 693 2911 correptis
713 2836 744 2890 et
761 2828 796 2890 in
817 2849 916 2890 unam
937 2833 1132 2912 potestatem
1158 2822 1295 2905 collatis,
1322 2823 1428 2887 calida

258 2939 402 3004 humoris
424 2942 577 3006 ieiunitas
599 2965 705 3030 aquae
726 2953 860 3032 repente
886 2947 1005 3009 satiata
1032 2942 1260 3008 communibus
1288 2944 1427 3030 corpori-

258 3058 321 3122 bus
340 3058 455 3124 latenti
477 3061 585 3126 calore
604 3063 832 3145 confervescit,
855 3072 887 3126 et
910 3061 1122 3126 vehementer
1144 3059 1247 3124 efficit
1269 3082 1309 3122 ea
1332 3063 1427 3141 coire,

259 3177 471 3266 celeriterque
490 3201 588 3244 unam
611 3180 787 3245 soliditatis
806 3181 975 3267 percipere
998 3181 1164 3246 virtutem.

343 3536 425 3622 (26.)
465 3533 681 3621 Relinquetur
717 3534 934 3617 desideratio,
972 3505 1125 3619 quoniam
1163 3535 1241 3598 item
1280 3542 1358 3598 sunt
1382 3536 1425 3597 in
1498 3625 1499 3630 γ

212 3672 239 3712 aa
256 3652 390 3716 Etruria
411 3674 453 3715 ex
474 3673 559 3738 aqua
581 3652 691 3717 calida
712 3652 819 3716 crebri
841 3652 964 3734 fontes,
995 3652 1073 3739 quid
1104 3653 1151 3715 ita
1171 3673 1237 3716 non
1258 3653 1360 3716 etiam
1380 3652 1425 3716 ibi

255 3777 409 3834 nascatur
427 3769 554 3855 pulvis,
585 3790 603 3832 e
623 3792 687 3856 quo
711 3771 825 3834 eadem
846 3770 972 3834 ratione
1000 3769 1060 3833 sub
1082 3790 1168 3855 aqua
1188 3778 1355 3834 structura
1378 3791 1426 3832 so·

255 3888 402 3952 lidescat.
447 3871 697 3975 Itaque'visum
725 3895 789 3969 est,
819 3896 993 3973 antequam
1021 3886 1276 3970 desideraretur,
1309 3886 1350 3950 de
1376 3887 1425 3950 his

254 4005 370 4089 rebus,
391 4003 662 4091 quemadmodum
683 4028 754 4070 esse
775 4005 969 4088 videantur,
994 4027 1167 4091 exponere.
1213 4009 1243 4068 5.
1264 4003 1425 4068 Omnibus

254 4122 334 4187 locis
358 4131 390 4186 et
416 4122 605 4230 regionibus
628 4147 695 4189 non
717 4123 833 4187 eadem
853 4147 975 4208 genera
996 4133 1113 4205 terrae,
1138 4144 1199 4185 nec
1218 4120 1347 4208 lapides
1370 4143 1426 4184 na-

211 4261 238 4301 so
255 4222 411 4323 scuntur3v
443 4241 500 4304 sed
523 4241 680 4305 nonnulla
702 4251 779 4306 suut
796 4242 952 4326 terrena,
983 4242 1049 4306 alia
1078 4240 1249 4323 sabulosa,
1283 4241 1425 4326 itemque

255 4357 416 4439 glareosa,
440 4359 513 4422 aliis
535 4357 615 4421 loeis
637 4358 808 4441 harenosa,
828 4380 892 4422 non
914 4361 1021 4424 minus
1045 4360 1215 4440 niaterina,
1240 4366 1271 4421 et
1292 4359 1424 4422 omnino
