3006 5170
271 427 312 494 36
773 439 932 490 vrrnuvu

270 597 333 662 bus
353 594 471 660 dextra
492 617 531 661 ac
553 597 687 662 sinistra
704 593 862 659 lateribus
886 593 1007 680 apertis
1034 591 1109 656 telis
1131 592 1339 659 vulneretur.
1396 594 1467 658 Cu-

271 713 475 801 randumque
497 713 639 778 maxime
660 713 808 794 videtur,
841 719 879 774 ut
900 732 966 775 non
987 709 1096 774 facilis
1122 711 1231 776 aditus
1262 712 1306 776 sit
1326 713 1382 776 ad
1405 735 1467 798 op·

271 832 484 920 pugnandum
505 855 650 916 murum,
682 830 740 898 sed
761 831 810 894 ita
832 828 1101 894 circumdandum
1126 830 1169 894 ad
1192 828 1265 896 loca
1287 832 1468 918 praecipi-

272 953 320 1016 tia
349 961 380 1015 et
410 951 680 1037 excogitandum,
713 951 761 1014 uti
788 957 955 1036 portarum
982 949 1102 1013 itinera
1132 970 1198 1013 non
1226 951 1292 1014 sint
1322 950 1466 1014 directa

241 1069 332 1134 osed
360 1091 489 1134 scaeva.
533 1068 683 1154 Namque
714 1091 788 1133 cum
817 1070 864 1133 ita
895 1068 1018 1133 factum
1048 1067 1165 1152 fuerit,
1197 1077 1267 1132 tum
1294 1069 1466 1133 dextrum

273 1187 358 1252 latus
385 1186 634 1270 accedentibus,
671 1187 758 1273 quod
784 1196 876 1252 scuto
905 1208 972 1252 non
1000 1187 1061 1250 erit
1088 1194 1226 1269 tectum,
1259 1189 1465 1272 proximum

273 1308 335 1371 orit
355 1329 458 1371 muro.
504 1305 705 1370 Collocanda
733 1315 842 1370 autem
869 1304 990 1392 oppida
1018 1312 1094 1368 sunt
1115 1327 1181 1369 non
1201 1304 1372 1391 quadrata
1396 1328 1463 1369 neo

272 1423 540 1509 procurrentibus
563 1425 709 1510 angulis,
740 1425 798 1488 sed
821 1421 1087 1504 circuitionibus,
1116 1422 1164 1485 uti
1181 1422 1285 1487 hostis
1311 1445 1358 1488 ex
1387 1424 1463 1509 plu-

273 1542 365 1607 ribus
393 1539 474 1606 locis
507 1531 751 1630 conspiciatur,
780 1543 815 1606 in
844 1540 963 1628 quibus
995 1541 1082 1603 enim
1105 1543 1217 1626 anguli
1239 1552 1462 1629 procurrunt,

232 1679 256 1720 1o
274 1659 454 1725 difficiliter
475 1661 678 1744 defenditur,
701 1660 788 1747 quod
808 1659 948 1746 angulus
963 1658 1068 1744 magis
1082 1657 1208 1723 hostem
1222 1668 1335 1725 tuetur
1351 1684 1460 1748 quam

274 1781 390 1846 civem.

359 1899 388 1959 3.
410 1897 492 1981 (42.)
518 1897 776 1960 Crassitudinem
798 1905 907 1961 autem
928 1897 1014 1960 muri
1039 1896 1086 1959 ita
1108 1896 1294 1961 faciendam
1318 1921 1456 1980 censeo,

274 2014 323 2076 uti
350 2016 466 2078 armati
487 2012 634 2078 homines
656 2035 756 2100 supra
785 2013 916 2080 obviam
939 2015 1110 2079 venientes
1136 2014 1220 2079 alius
1243 2014 1349 2079 alium
1382 2019 1454 2080 sine

225 2127 228 2134 ⁴
274 2131 491 2219 impeditione
505 2135 682 2219 praeterire
701 2133 839 2219 possint.
883 2131 967 2196 Tum
985 2133 1020 2195 in
1032 2132 1251 2197 crassitudine
1267 2142 1454 2220 perpetuae

232 2278 257 2318 15
274 2247 405 2314 tabulae
426 2249 614 2336 oleagineae
629 2251 793 2316 ustulatus
809 2273 906 2337 quam
922 2251 1139 2316 creberrimae
1158 2252 1384 2334 instruantur,
1406 2253 1452 2314 uti

272 2377 428 2458 utraeque
441 2371 529 2436 muri
543 2372 667 2436 frontes
683 2373 769 2435 inter
784 2392 818 2434 se
825 2419 834 2453 ,
856 2370 1128 2456 quemadmodum
1141 2369 1270 2452 fibulis,
1282 2368 1335 2432 his
1351 2370 1451 2433 taleis

272 2486 445 2574 colligatae
469 2498 635 2555 aeternam
658 2488 802 2553 habeant
829 2487 1032 2572 firmitatem
1070 2511 1209 2577 namque
1233 2490 1262 2552 ei
1288 2492 1449 2553 materiae

273 2629 334 2672 nec
356 2609 440 2672 aries
463 2629 524 2672 neo
544 2615 754 2694 tempestates
775 2630 836 2672 nec
856 2616 1003 2673 vetustas
1026 2616 1134 2693 potest
1152 2629 1288 2691 nocere,
1323 2607 1386 2672 sed
1413 2631 1448 2671 ea

274 2732 306 2787 et
327 2725 362 2788 in
383 2717 471 2788 terra
496 2723 613 2788 obruta
643 2732 675 2788 et
703 2725 739 2789 in
768 2747 855 2813 aqua
882 2725 1041 2790 collocata
1065 2733 1234 2813 permanet
1259 2726 1329 2790 sine
1354 2727 1448 2792 vitiis

231 2869 257 2909 ro
273 2841 363 2906 utilis
391 2842 599 2938 sempiterno.
644 2842 760 2929 Itaque
785 2865 851 2908 non
874 2844 985 2909 'solum
1012 2846 1047 2908 in
1068 2866 1175 2928 muro,
1208 2843 1391 2907 sedetiam
1417 2846 1448 2907 in

275 2957 587 3046 substructionibus,
628 2964 749 3050 quique
780 2965 922 3048 parietes
953 2963 1070 3027 murali
1103 2939 1335 3054 ¹crassitudine
1351 2972 1448 3026 erunt

172 3070 175 3076 ’
273 3077 435 3162 faciendi,
460 3077 522 3143 hac
542 3081 667 3174 ratione
690 3082 838 3167 religati,
862 3086 929 3146 non
951 3084 1015 3146 cito
1035 3079 1250 3145 vitiabuntur.

358 3201 388 3260 4.
410 3196 492 3284 (43.)
515 3197 695 3265 Intervalla
723 3210 832 3265 autem
856 3203 996 3264 turrium
1027 3200 1074 3262 ita
1101 3206 1176 3262 sunt
1204 3197 1374 3280 facienda,
1411 3208 1446 3262 ut

273 3338 314 3379 ne
336 3314 468 3401 longius
493 3317 536 3381 sit
557 3315 623 3380 alia
645 3318 688 3383 ab
714 3319 779 3382 alia
808 3321 947 3405 sagittae
969 3319 1142 3400 missione,
1175 3319 1224 3381 uti
1246 3318 1272 3380 si
1301 3317 1367 3404 q'ua
1388 3342 1443 3405 op-

230 3443 452 3520 repugnetur,
485 3442 555 3498 tum
584 3457 604 3499 a
634 3437 797 3522 turribus,
835 3460 920 3526 quae
955 3445 1050 3502 erunt
1088 3436 1205 3500 dextra
1240 3445 1272 3500 et
1298 3436 1442 3520 sinistra,

272 3552 498 3639 scorpionibus
517 3553 717 3641 reliquisque
734 3557 873 3623 telorum
890 3557 1104 3623 missionibus
1117 3557 1227 3621 hostes
1239 3557 1441 3623 reiiciantur.

271 3670 446 3758 Etiamque
471 3678 585 3735 contra
609 3672 782 3738 inferiores
811 3677 949 3740 turrium
968 3675 1166 3742 dividendus
1189 3681 1240 3738 est
1259 3696 1371 3738 murus
1392 3676 1440 3740 in-

271 3789 419 3854 tervallis
441 3796 508 3853 tam
530 3791 659 3875 magnis
688 3813 786 3877 quam
810 3803 905 3858 erunt
933 3775 1058 3877 turres,
1092 3800 1128 3856 ut
1151 3793 1271 3857 itinera
1300 3792 1366 3855 sint
1392 3795 1439 3857 in-

270 3907 446 3972 terioribus
476 3907 624 3996 partibus
653 3911 791 3974 turrium
818 3913 1022 3998 contignata,
1052 3933 1158 3998 neque
1187 3932 1225 3974 ea
1248 3909 1335 3975 ferro
1355 3903 1438 3995 fixa3

230 4046 255 4088 ³0
272 4024 375 4090 hostis
403 4028 491 4089 enim
515 4028 543 4090 si
570 4049 666 4114 quam
687 4039 813 4116 partem
832 4031 917 4096 muri
941 4031 1166 4119 occupaverit,
1202 4029 1258 4116 qui
1279 4050 1436 4116 repugna-

271 4143 354 4208 bunt
373 4144 576 4228 rescindent,
604 4154 636 4209 et
658 4148 686 4210 si
706 4150 855 4214 celeriter
877 4149 1195 4230 administraverint,
1227 4169 1293 4211 non
1315 4149 1435 4232 patien-

270 4269 324 4327 tur
345 4261 487 4348 reliquas
518 4271 627 4349 partes
654 4268 792 4331 turrium
819 4269 967 4353 murique
994 4265 1121 4330 hostem
1151 4273 1340 4352 penetrare,
1372 4268 1433 4330 nisi

271 4401 307 4444 se
328 4380 469 4445 voluerit
492 4382 718 4467 praecipitare.
763 4389 794 4446 5.
820 4384 902 4470 (44.)
926 4385 1047 4449 Turres
1069 4385 1180 4469 itaque
1201 4384 1360 4449 rotundae
1379 4393 1432 4450 aut
