3008 5162
268 448 327 509 160
762 457 920 505 vlrauvrr

265 615 500 678 constituentes
529 619 704 698 coeperunt
733 609 811 674 fana
825 610 1026 694 aedificare,
1056 619 1089 674 et
1115 613 1258 698 primum
1284 613 1450 701 Apollini

264 733 424 797 Panionio
453 729 584 810 aedem,
620 730 668 794 uti
695 729 846 795 viderant
873 730 909 792 in
938 729 1081 813 Achaia,
1110 733 1373 816 constituerunt,
1414 742 1450 797 et

266 874 337 916 eam
364 850 522 917 Doricam
549 847 810 938 appellaverunt,
839 849 926 936 quod
953 849 988 912 in
1016 848 1213 914 Doricorum
1240 851 1448 917 civitatibus

264 971 405 1058 primum
429 969 550 1032 factam
573 989 610 1032 eo
630 989 749 1054 genere
771 967 931 1033 viderant.
978 972 1007 1032 6.
1038 967 1078 1032 In
1106 991 1145 1032 ea
1174 969 1255 1034 aede
1278 993 1358 1034 cum
1384 994 1447 1036 vc-

236 1089 404 1157 aluissent
424 1087 591 1153 columnas
612 1085 786 1170 collocare,
811 1108 876 1151 non
896 1085 1053 1151 habentes
1076 1091 1284 1173 symmetrias
1309 1112 1445 1174 earum,

266 1217 298 1274 et
324 1215 518 1295 quaerentes
546 1205 666 1293 quibus
697 1205 878 1272 rationibus
907 1203 1038 1268 efficere
1070 1217 1219 1292 possent,
1251 1208 1303 1271 uti
1332 1219 1368 1272 et
1400 1209 1446 1272 ad

264 1349 346 1392 onus
369 1326 540 1390 ferendum
563 1333 672 1390 essent
704 1325 850 1407 idoneae,
884 1331 916 1388 et
945 1325 979 1387 in
1009 1332 1146 1410 aspectu
1174 1325 1350 1410 probatam
1383 1327 1446 1391 ha-

263 1445 379 1511 berent
401 1452 621 1528 venustatem,
643 1444 780 1508 dimensi
801 1450 876 1506 sunt
894 1440 999 1508 virilis
1018 1441 1113 1529 pedis
1128 1444 1326 1530 vestigium,
1350 1455 1387 1510 et
1406 1446 1443 1508 id

263 1567 446 1638 retulerunt
475 1566 510 1630 in
543 1563 757 1628 altitudinem.
802 1561 885 1626 Oum
918 1562 1123 1627 invenissent
1155 1561 1272 1648 pedem
1301 1573 1444 1629 sextam

222 1711 247 1752 ιο
263 1693 390 1772 partem
413 1705 485 1748 csse
504 1681 687 1748 altitudinis
708 1683 742 1746 in
760 1681 903 1763 homine,
927 1680 1014 1744 idem
1030 1681 1064 1743 in
1082 1680 1266 1745 columnam
1287 1691 1445 1749 transtu-

263 1804 389 1885 lerunt;
430 1810 462 1866 et
491 1823 555 1888 qua
587 1801 800 1867 crassitudine
833 1799 982 1864 fecerunt
1013 1800 1121 1865 basim
1162 1801 1269 1888 scapi,
1303 1809 1445 1868 tantam

263 1920 372 1982 sexies
401 1941 475 1983 cum
506 1920 648 2006 capitulo
675 1921 709 1983 in
735 1917 941 1981 altitudinem
972 1916 1169 2006 extulerunt.
1223 1919 1277 1983 Ita
1305 1919 1446 1988 Dorica

263 2036 414 2102 columna
434 2037 540 2102 virilis
563 2038 705 2125 corporis
725 2036 968 2124 proportionem
995 2045 1027 2100 et
1054 2036 1242 2102 firmitatem
1267 2047 1300 2103 et
1332 2063 1444 2108 venu-

263 2163 382 2220 statem
404 2157 439 2219 in
457 2156 615 2222 aedificiis
636 2163 800 2245 praestare
821 2156 939 2242 coepit.

221 2371 245 2411 ,5
347 2331 375 2390 7.
401 2327 461 2415 (6.)
485 2326 568 2391 Item
589 2334 701 2413 postea
720 2323 850 2388 Dianae
872 2325 1071 2388 constituere
1099 2327 1214 2391 aedem
1234 2339 1442 2415 quaerentes

261 2446 339 2512 novi
367 2447 517 2533 generis,
552 2446 691 2533 speciem
716 2443 835 2508 iisdem
866 2443 1017 2529 vestigiis
1040 2444 1084 2508 ad
1106 2445 1300 2510 muliebrem
1325 2455 1443 2512 trans-

259 2564 406 2630 tulerunt
431 2565 662 2650 gracilitatem,
691 2571 723 2626 et
754 2561 903 2626 fecerunt
924 2561 1063 2648 primum
1081 2563 1252 2628 columnae
1273 2568 1443 2630 crassitu-

260 2684 369 2747 dinem
384 2683 564 2748 altitudinis
581 2690 697 2746 octava
712 2687 820 2766 parte,
840 2688 877 2743 ut
894 2679 1187 2767 haberetspeciem
1200 2682 1442 2750 excelsiorem.

259 2802 338 2865 Basi
371 2802 492 2887 spiram
524 2807 762 2888 supposuerunt
793 2820 852 2886 pro
884 2798 1010 2883 calce03
1041 2799 1184 2890 capitulo
1214 2800 1347 2867 volutas
1386 2808 1443 2869 uti

216 2943 243 2983 ro
260 2918 487 3005 capillamento
516 2920 734 3004 concrispatos
764 2918 932 2982 cincinnos
963 2917 1222 3004 praependentes
1247 2921 1370 2986 dextra
1397 2947 1442 2988 ac

259 3039 393 3101 sinistra
415 3037 668 3120 collocaverunt3
704 3046 737 3122 et
768 3037 919 3123 cymatiis
954 3044 985 3099 et
1012 3038 1162 3124 encarpis
1190 3059 1249 3123 pro
1279 3039 1441 3106 crinibus

259 3155 424 3245 dispositis
445 3157 566 3222 frontes
582 3164 799 3239 ornaverunt,
814 3163 993 3242 truncoque
1008 3163 1075 3220 toto
1091 3158 1188 3220 strias
1205 3157 1253 3220 uti
1269 3157 1441 3225 stolarum

258 3296 358 3359 rugas
382 3274 553 3340 matronali
580 3296 669 3339 more
693 3273 903 3368 demiserunt.
949 3274 1001 3338 Ita
1029 3295 1050 3337 a
1078 3274 1206 3340 duobus
1228 3275 1440 3344 discrimini-

257 3393 319 3457 bus
341 3393 560 3458 columnarum
582 3393 819 3476 inventionem,
840 3415 940 3456 unam
960 3393 1050 3458 virili
1070 3395 1141 3458 sine
1159 3401 1279 3458 ¹ornatu
1301 3396 1438 3460 nudam

214 3535 240 3574 25
259 3513 384 3599 specie,
416 3511 550 3576 alteram
577 3513 729 3577 muliebri
755 3511 937 3576 subtilitate
964 3519 996 3574 et
1024 3521 1142 3576 ornatu
1168 3515 1438 3600 symmetriaque

258 3639 333 3694 sunt
365 3631 513 3695 mutuati.
559 3631 588 3694 8.
619 3629 679 3717 (7.)
713 3629 841 3695 Posteri
870 3651 949 3694 vero
981 3628 1144 3716 elegantia
1178 3629 1436 3719 subtilitateque

240 3748 451 3813 iudiciorum
471 3750 636 3834 progressi
659 3756 691 3813 et
712 3746 943 3834 gracilioribus
963 3749 1103 3813 modulis
1126 3747 1278 3813 delectati
1299 3758 1436 3836 septem

255 3866 480 3932 crassitudinis
503 3866 678 3931 diametros
698 3867 733 3930 in
748 3865 953 3933 altitudinem
975 3867 1145 3932 columnae
1162 3867 1320 3950 Doricae,
1337 3867 1436 3934 Ioni-

255 4005 313 4047 cae
340 4005 459 4050 novem
480 3986 730 4050 constituerunt.
773 3983 815 4048 Id
844 3994 954 4050 autem
982 4007 1105 4071 genus,
1135 3985 1224 4072 quod
1250 3984 1350 4050 Iones
1383 3989 1436 4052 fe-

213 4124 238 4165 ao
256 4110 370 4167 cerunt
389 4104 511 4189 primo,
533 4103 682 4169 Ionicum
702 4111 753 4168 est
774 4103 987 4168 nominatum.

340 4289 401 4379 (8.)
426 4291 574 4356 Tertium
598 4313 692 4373 vcro,
721 4290 808 4377 quod
837 4291 1044 4358 Corinthium
1077 4291 1213 4376 dicitur,
1248 4291 1434 4376 virginalis
1496 4355 1498 4360 .

254 4405 353 4470 habet
374 4407 568 4491 gracilitatis
597 4411 825 4492 imitationem,
853 4411 941 4495 quod
967 4412 1113 4494 virgines
1143 4419 1276 4496 propter
1302 4415 1431 4476 aetatis
