3008 5162
615 1146 1094 1225 PRAEFATIO..

352 1458 378 1517 1.
403 1451 487 1517 Cum
510 1451 832 1534 animadvertissem,
862 1451 1061 1538 Imperator,
1090 1455 1201 1541 plures
1231 1454 1273 1518 de
1296 1452 1443 1516 archite-

265 1582 358 1638 ctura
383 1579 558 1659 praecepta
587 1569 819 1657 voluminaque
846 1573 1151 1636 commentariorum
1185 1594 1252 1637 non
1282 1571 1444 1636 ordinata

265 1691 324 1755 sod
346 1691 490 1774 incepta,
513 1690 561 1752 uti
583 1685 760 1773 particulas
784 1687 1000 1772 errabundas,
1030 1689 1218 1777 reliquisse,
1246 1689 1390 1774 dignam
1415 1697 1445 1752 et
1493 1739 1494 1754 t

264 1808 473 1872 utilissimam
499 1828 568 1870 rem
594 1806 724 1892 putavi,
753 1814 865 1870 tantae
893 1805 1087 1893 disciplinae
1114 1829 1233 1894 corpus
1263 1808 1308 1872 ad
1333 1808 1445 1894 perfe-

234 1924 385 2004 s‚fectam
407 1923 645 1988 ordinationem
676 1922 871 2008 perducere,
904 1932 937 1988 et
968 1926 1188 2012 praescriptas
1225 1927 1260 1988 in
1293 1925 1442 2011 singulis

263 2040 485 2106 voluminibus
509 2041 711 2125 singulorum
733 2062 889 2124 generum
912 2041 1085 2127 qualitates
1109 2042 1284 2129 explicare.

349 2158 482 2246 Itaque,
507 2159 644 2242 Caesar,
674 2159 778 2246 primo
798 2159 964 2224 volumine
989 2160 1051 2225 tibi
1081 2160 1121 2224 de
1149 2160 1257 2227 officio
1283 2163 1378 2246 eius,
1412 2171 1443 2228 et

266 2277 384 2367 quibus
411 2278 583 2362 *eruditum
611 2301 683 2343 csse
713 2277 813 2343 rebus
842 2278 1054 2343 architectum
1087 2287 1249 2365 oporteat,
1283 2283 1440 2368 exposui.

266 2397 417 2463 Secundo
438 2398 479 2463 de
497 2397 599 2484 copiis
623 2397 797 2476 materiae,
824 2419 842 2460 e
867 2397 986 2483 quibus
1008 2396 1160 2462 aedificia
1181 2400 1441 2482 constituuntur,

223 2542 248 2583 ιο
266 2516 444 2604 disputavi.
497 2514 609 2579 Tertio
642 2521 751 2580 autem
782 2513 822 2578 de
855 2513 985 2580 aedium
1016 2537 1181 2580 sacrarum
1214 2515 1439 2604 dispositioni-

264 2635 326 2700 bus
367 2642 400 2698 et
441 2634 482 2699 de
527 2653 638 2698 earum
676 2654 834 2717 generum
874 2634 1048 2717 varietate,
1089 2654 1236 2720 quasque
1279 2643 1312 2699 et
1359 2643 1439 2722 quot

265 2752 409 2817 habeant
439 2750 582 2835 species,
613 2737 790 2837 earumque
818 2771 901 2837 quae
927 2751 993 2815 sint
1022 2752 1057 2815 in
1088 2752 1227 2839 singulis
1256 2754 1439 2838 generibus

266 2867 529 2950 distributiones,
560 2870 589 2932 2.
613 2877 712 2933 etex
739 2868 845 2933 tribus
866 2867 1059 2952 generibus,
1090 2891 1173 2956 quae
1202 2870 1438 2936 subtilissimas

213 2987 217 2996 '
265 2984 424 3049 haberent
438 2986 702 3070 proportionibus
718 2985 923 3051 modulorum
943 2989 1157 3073 quantitates,
1179 2988 1285 3053 Ionici
1302 2992 1438 3074 generis

225 3101 412 3173 tumoribus
439 3101 544 3167 docui.
591 3103 652 3190 (2.)
678 3102 774 3167 Nunc
799 3103 860 3168 hoc
887 3102 1053 3169 volumine
1084 3104 1124 3169 de
1156 3106 1289 3170 Doricis
1319 3108 1439 3172 Corin-

265 3223 407 3310 thiisque
429 3221 587 3285 institutis
611 3230 643 3285 et
665 3222 810 3287 mon'bus
833 3221 955 3304 dicam,
984 3243 1160 3309 eorumque
1187 3223 1382 3288 discrimina
1406 3235 1438 3288 et

265 3342 481 3428 proprietates
501 3339 684 3425 explicabo.

716 3539 925 3606 CAPUT
958 3540 985 3605 Ι.

353 3696 381 3757 1.
406 3692 467 3780 (3.)
493 3693 671 3758 Columnae
694 3691 884 3758 Corinthiae
903 3701 1032 3779 praeter
1053 3692 1197 3778 capitula
1215 3714 1328 3757 omnes
1349 3713 1435 3779 sym-

224 3841 251 3881 20
266 3812 398 3876 metrias
418 3810 557 3893 hahent,
582 3812 632 3874 uti
653 3810 801 3892 Ionicae3
829 3810 887 3875 sed
912 3809 1127 3896 capitulorum
1149 3808 1340 3873 altitudines
1366 3807 1433 3874 effi-

267 3930 358 3993 ciunt
380 3949 435 3992 eas
456 3935 606 4015 prorata
627 3927 824 3992 excelsiores
855 3937 887 3993 et
912 3926 1118 4014 graciliores,
1147 3927 1234 4014 quod
1255 3927 1363 3992 Ionici
1385 3950 1434 3992 oa·

266 4046 362 4134 pituli
384 4044 521 4110 altitudo
542 4047 639 4110 tertia
658 4067 735 4131 pars
755 4053 805 4109 est
823 4047 1051 4111 crassitudinis
1068 4045 1252 4128 columnae,
1270 4045 1434 4112 Corinthii

266 4173 334 4229 tota
354 4162 536 4228 crassitudo
560 4165 660 4249 scapi.
705 4163 811 4248 Igitur
832 4162 921 4250 quod
939 4163 1023 4228 duae
1045 4172 1156 4251 partes
1177 4185 1195 4227 e
1216 4163 1435 4228 crassitudine

268 4281 447 4346 Corinthiis
482 4281 698 4362 adiiciuntur,
737 4280 886 4345 efficiunt
920 4281 1110 4346 excelsitate
1147 4280 1289 4366 speciem
1323 4302 1435 4344 earum

224 4424 251 4466 cs
268 4397 483 4485 graciliorem.
535 4400 564 4460 2.
595 4397 714 4462 Cetera
738 4397 902 4480 membra,
934 4419 1017 4482 quae
1050 4420 1148 4484 supra
1176 4397 1345 4463 columnas
1378 4401 1433 4462 im·
