3028 5164
263 447 325 508 222
763 459 921 505 vrrnuvn

198 653 200 658 ·
262 613 332 676 eius
346 631 515 674 mensurae
528 608 798 696 perpendiculum
819 611 990 675 interiores
1012 611 1106 675 sedes
1124 608 1376 696 praecidantur,
1405 617 1445 671 et

263 750 327 813 qua
343 723 506 814 ¹praecisio
528 727 643 809 fuerit,
665 727 714 790 ibi
734 728 974 792 constituantur
995 729 1149 792 itinerum
1169 726 1361 812 supercilia3
1386 727 1443 789 ita

241 849 350 936 ,enim
374 848 452 910 satis
475 845 682 909 altitudinem
704 845 872 911 habebunt
895 869 1005 910 eorum
1028 844 1334 909 confornicationes.

350 1205 380 1266 6.
403 1201 483 1286 (50.)
518 1199 641 1264 Scenae
673 1197 843 1291 longitudo
874 1199 917 1262 ad
949 1200 1134 1263 orchestrae
1165 1199 1345 1262 diametron
1374 1198 1439 1261 du-

237 1321 343 1407 splex
369 1299 440 1382 fieri
466 1317 572 1381 debet.
621 1315 717 1379 Podii
745 1315 883 1381 altitudo
911 1316 951 1380 ab
981 1317 1176 1382 libramento
1205 1314 1325 1402 pulpiti
1356 1337 1437 1378 eum

266 1459 383 1502 corona
405 1444 437 1499 et
462 1435 526 1521 lysi
551 1434 742 1519 duodecima
760 1433 945 1498 orchestrae
975 1435 1143 1516 diametri3
1175 1455 1274 1520 supra
1296 1433 1437 1518 podium

265 1556 432 1620 columnae
453 1575 528 1618 oum
557 1550 708 1638 capitulis
737 1559 769 1614 et
793 1551 889 1637 spiris
918 1551 1003 1616 altae
1031 1559 1148 1638 quarta
1170 1560 1262 1638 parte
1284 1550 1436 1614 eiusdem

265 1674 430 1755 diametri3
454 1671 606 1758 epistylia
628 1678 660 1732 et
683 1679 872 1733 ornamenta
900 1692 1011 1734 earum
1039 1669 1262 1748 columnarum
1284 1668 1436 1732 altitudi-

265 1792 315 1854 nis
339 1791 451 1876 quinta
471 1796 574 1874 parte.
619 1787 771 1850 Pluteum
789 1788 924 1873 insuper
945 1811 1019 1852 cum
1041 1788 1130 1852 unda
1155 1796 1187 1850 et
1208 1799 1328 1851 corona
1348 1787 1436 1850 infe-

223 1933 248 1972 ro
265 1908 358 1971 rionis
379 1906 481 1992 plutei
499 1904 636 1968 dimidia
652 1899 769 1988 parte}
785 1926 884 1991 supra
905 1905 940 1968 id
954 1904 1100 1991 pluteum
1124 1904 1293 1969 columnae
1313 1913 1436 1988 quarta

264 2032 355 2111 parte
377 2023 500 2086 minore
523 2020 694 2084 altitudine
722 2023 788 2085 sint
818 2044 915 2107 quam
937 2019 1125 2105 inferiores3
1150 2022 1304 2107 epistylia
1327 2030 1360 2085 et
1383 2045 1435 2086 or-

263 2150 416 2206 namenta
450 2162 561 2204 earum
594 2138 816 2204 columnarum
849 2142 962 2226 quinta
993 2149 1096 2226 parte.
1154 2139 1239 2204 Item
1271 2141 1300 2204 si
1334 2125 1435 2204 tertia

267 2261 434 2346 episcenos
468 2257 580 2321 futura
608 2257 687 2339 erit,
720 2257 864 2320 mediani
893 2259 996 2343 plutei
1029 2281 1189 2322 summum
1203 2259 1261 2339 ,sit
1293 2259 1434 2323 dimidia

264 2387 373 2464 partem
396 2377 565 2440 columnae
588 2366 731 2438 summae
754 2375 978 2439 medianarum
997 2377 1105 2441 minus
1125 2378 1210 2440 altae
1228 2377 1293 2439 sint
1315 2384 1434 2462 quarta

141 2567 143 2572 ,
180 2532 188 2572 ς
224 2528 248 2568 15
265 2506 374 2584 parte3
399 2495 553 2582 epistylia
570 2516 645 2558 cum
667 2495 803 2567 coronis,
817 2515 927 2569 earum
949 2491 1180 2572 columnarum¹
1192 2494 1271 2572 item
1288 2493 1433 2562 habeant

266 2615 449 2679 altitudinis
471 2613 617 2698 quintam
639 2620 775 2712 partem.

352 2972 381 3030 7.
405 2967 486 3052 (51.)
512 2963 582 3029 Nec
605 2974 716 3031 tamen
742 2965 777 3028 in
808 2965 959 3030 omnibus
988 2965 1125 3030 theatris
1154 2967 1362 3052 symmetriae
1387 2965 1431 3030 ad

267 3107 378 3149 omnes
404 3085 547 3162 rationes
575 3091 607 3146 et
636 3082 770 3146 effectus
798 3092 937 3168 possunt
951 3083 1181 3170 respondere3
1215 3081 1274 3146 sed
1305 3090 1430 3168 oportet

266 3202 477 3266 architectum
499 3199 773 3282 animadvertere,
796 3201 915 3286 quibus
937 3201 1200 3286 proportionibus
1227 3222 1360 3263 necesse
1388 3201 1431 3263 sit

223 3353 248 3393 20
267 3322 360 3406 sequi
382 3318 620 3405 symmetriam,
644 3325 676 3380 et
697 3317 817 3404 quibus
836 3317 880 3380 ad
904 3318 967 3382 loci
988 3326 1139 3382 naturam
1159 3326 1216 3381 aut
1234 3317 1438 3402 magnitudi-'

266 3459 340 3501 nem
361 3436 468 3522 operis
486 3435 670 3520 temperari.
715 3431 798 3498 Sunt
827 3436 913 3499 enim
940 3457 1008 3517 res,
1040 3456 1122 3520 quas
1146 3443 1179 3497 et
1200 3435 1235 3497 in
1259 3435 1377 3520 pusillo
1397 3442 1428 3497 et

266 3555 301 3617 in
331 3575 450 3638 magno
475 3552 601 3616 theatro
623 3573 756 3615 necesse
781 3565 830 3615 est
860 3550 974 3614 eadem
996 3549 1223 3635 magnitudine
1257 3551 1329 3615 fieri
1358 3574 1427 3636 pro·

266 3679 338 3756 pter
355 3691 466 3750 usum,
488 3670 537 3732 uti
559 3668 696 3752 gradus,
719 3667 919 3752 diazomata,
940 3669 1088 3755 pluteos,
1108 3669 1240 3752 itinera,
1264 3689 1425 3750 aseensus,

266 3787 409 3873 pulpita,
437 3784 633 3868 tribunalia,
667 3793 699 3849 et
733 3787 760 3849 si
794 3808 859 3873 qua
887 3785 954 3849 alia
979 3787 1215 3868 intercurrunt,
1248 3784 1426 3870 exquibus

224 3929 251 3968 25
268 3905 448 3968 necessitas
474 3903 562 3987 cogit
587 3903 754 3968 discedere
776 3925 796 3966 a
819 3905 1023 3990 symmetria,
1037 3925 1096 3966 ·ne
1125 3900 1322 3986 impediatur
1343 3923 1426 3966 usus.

269 4021 343 4084 Non
363 4023 471 4084 minus
496 4021 525 4082 si
544 4041 609 4105 qua
634 4020 796 4104 exiguitas
818 4021 999 4107 copiarum,
1029 4019 1064 4083 id
1085 4026 1135 4082 est
1155 4019 1345 4102 marmoris,
1365 4041 1426 4082 ma-

266 4124 368 4203 teriae
389 4136 651 4224 reliquarumque
671 4158 797 4219 rerum,
821 4159 906 4222 quae
918 4145 1090 4224 parantur,
1114 4137 1149 4199 in
1165 4157 1263 4222 opere
1282 4135 1426 4220 defuerit,

267 4256 401 4340 paulum
424 4254 552 4318 demere
578 4263 635 4317 aut
656 4254 814 4337 adiicere,
837 4255 914 4320 dum
936 4255 971 4319 id
992 4277 1034 4318 ne
1055 4254 1191 4316 nimium
1212 4252 1359 4339 improbe
1375 4253 1426 4318 fiat

269 4371 327 4434 sed
349 4392 422 4433 eum
444 4391 558 4450 sensu,
581 4373 727 4434 nouerit
748 4370 902 4434 alienum.
946 4370 1019 4434 Hoc
1045 4382 1151 4434 autern
1176 4369 1251 4451 erit,
1282 4371 1309 4432 si
1332 4369 1427 4432 arehi-
