3028 5164
651 1391 1150 1508 rsnurarros,

781 1576 948 1584 ———

372 1704 399 1764 l.
425 1697 490 1778 Qui
512 1698 724 1786 amplioribus
743 1696 983 1776 voluminibus,
1004 1692 1202 1778 Imperator,
1223 1692 1350 1778 ingenii
1368 1692 1476 1776 eogi-

285 1820 423 1882 tationes
440 1825 678 1902 praeceptaque
692 1816 956 1901 explicaverunt,
976 1813 1137 1876 maximas
1156 1821 1188 1875 et
1203 1812 1354 1896 egregias
1368 1809 1476 1873 adie-

286 1942 400 1997 cerunt
429 1936 497 1996 suis
527 1933 657 2017 scriptis
688 1932 913 1994 auctoritates:
945 1931 1032 2016 quo'd
1061 1930 1159 1994 etiam
1187 1928 1241 1994 vel
1270 1929 1305 1992 in
1332 1929 1472 1992 nostris

229 2120 233 2141 Ι
287 2071 416 2135 quoque
446 2048 563 2112 studiis
590 2070 643 2111 res
672 2054 855 2134 pateretur,
885 2054 921 2108 ut
947 2029 1254 2132 amplificationibus
1277 2049 1470 2111 auctoritas

256 2167 374 2232 setin
395 2166 445 2230 his
467 2167 649 2252 praeceptis
671 2172 863 2248 augeretur;
887 2163 945 2226 scd
966 2163 1001 2227 id
1017 2173 1162 2248 nonest,
1181 2163 1471 2251 quemadmodum

287 2292 437 2370 putatur,
460 2282 660 2370 expeditum.
704 2281 781 2346 Non
801 2279 888 2344 euim
912 2280 953 2344 de
973 2281 1191 2346 architectura
1218 2283 1265 2348 sio
1287 2280 1468 2361 scribitur,

237 2468 241 2476 ,
288 2402 337 2464 uti
358 2401 496 2465 historia
523 2407 579 2463 aut
603 2407 764 2486 poemata.
808 2399 975 2463 Historiae
1003 2420 1061 2484 per
1093 2421 1128 2463 se
1157 2407 1270 2466 tenent
1296 2397 1469 2480 lectores3

288 2517 411 2582 habent
435 2520 521 2583 enim
546 2539 704 2582 novarum
732 2539 841 2581 rerum
869 2517 979 2580 varias
1002 2519 1273 2602 exspectationes.
1316 2489 1469 2580 Poema-

288 2642 396 2698 torum
417 2657 496 2700 vero
519 2643 623 2698 metra
650 2642 682 2698 et
708 2634 824 2721 pedes,
854 2656 893 2698 ac
922 2634 1098 2698 verborum
1123 2633 1255 2718 elegans
1285 2633 1468 2720 dispositio

248 2780 272 2820 ro
290 2759 323 2815 et
344 2754 580 2817 sententiarum
599 2755 684 2816 inter
705 2773 860 2836 personas
883 2752 1070 2835 distinctas,
1094 2759 1126 2816 et
1145 2773 1299 2815 versuum
1317 2773 1468 2837 pronun-

261 2843 382 2931 ¹tiatio
406 2868 617 2954 prolectando
644 2891 758 2933 sensus
784 2869 964 2955 legentium
991 2870 1141 2956 perducit
1169 2871 1240 2933 sine
1267 2869 1393 2933 offensa
1420 2871 1469 2933 ad

291 3005 450 3048 summam
472 2985 665 3070 scriptorum
685 2986 958 3052 terminationem.
1004 2989 1032 3048 2.
1062 2985 1123 3078 (2.)
1153 2986 1193 3050 Id
1221 2995 1329 3050 autem
1351 2988 1388 3051 iu
1412 3009 1468 3070 ar-

223 3109 226 3116 “
291 3100 491 3166 chitecturae
517 3104 811 3191 conscriptionibus
840 3128 906 3171 non
933 3113 1040 3192 potest
1065 3105 1152 3188 fieri,
1182 3104 1270 3190 quod
1296 3105 1468 3170 vocabula

291 3242 334 3283 ex
355 3223 435 3285 artis
457 3223 588 3306 propria
603 3222 797 3285 necessitate
817 3231 973 3309 concepta
993 3225 1185 3287 inconsueto
1205 3243 1352 3286 sermone
1376 3222 1467 3286 obii-

250 3362 273 3402 rs
291 3341 382 3404 ciunt
404 3337 553 3402 sensibus
572 3337 814 3404 obscuritatem.

376 3457 460 3522 Cum
482 3480 560 3542 ergo
582 3479 620 3521 ee
642 3481 700 3545 per
723 3481 846 3524 senon
868 3460 934 3523 sint
955 3473 1084 3545 aperta,
1107 3480 1168 3522 nee
1190 3465 1325 3544 pateant
1347 3479 1465 3522 eorum

289 3574 324 3636 in
349 3575 584 3639 consuetudine
606 3576 752 3660 nomine,
775 3585 844 3641 tum
868 3580 966 3642 etiam
986 3584 1234 3663 praeceptorum
1253 3575 1319 3640 late
1335 3597 1465 3660 vagan-

290 3701 338 3755 tes
367 3693 564 3779 scripturae,
597 3695 625 3758 si
655 3717 722 3758 non
750 3695 985 3760 contrahuntur
1017 3703 1049 3760 et
1078 3674 1191 3780 plaucis
1221 3701 1253 3757 et
1280 3691 1463 3780 perlucidis

258 3799 265 3814 '
291 3811 460 3873 sententiis
486 3809 707 3895 explicantur,
730 3811 916 3898 frequentia
931 3813 1205 3897 multitudineque
1224 3812 1382 3874 sermonis
1402 3812 1462 3873 im·

246 3955 273 3996 20
292 3927 460 4011 pediente,
478 3928 618 3991 incertas
634 3927 812 4013 legentium
831 3930 976 3994 efficient
991 3929 1218 4014 cogitationes.
1264 3929 1324 4015 (3.)
1345 3925 1462 4013 ltaque

292 4044 436 4144 occultas
459 4046 698 4110 nominationes
718 4069 987 4134 commensusque
1007 4070 1025 4111 e
1047 4047 1201 4112 membris
1230 4067 1364 4132 operum
1388 4067 1463 4130 pro-

290 4165 461 4245 nuntians,
484 4171 520 4227 ut
542 4167 716 4229 memoriae
737 4167 921 4249 tradantur,
944 4166 1089 4231 breviter
1108 4185 1287 4251 exponam3
1310 4165 1358 4228 sic
1374 4165 1461 4226 enim

290 4280 476 4365 expeditius
500 4303 539 4344 ea
560 4282 878 4368 recipere'poterunt
904 4294 1042 4349 mentes
1087 4287 1117 4349 3.
1139 4283 1215 4348 Non
1246 4283 1354 4346 minus
1387 4305 1460 4346 eum

289 4396 594 4462 animadvertissem
622 4399 797 4464 distentam
827 4402 1099 4488 occupationibus
1125 4402 1293 4466 civitatem
1320 4398 1461 4484 publicis
