3028 5164
271 443 330 504 190
768 463 926 510 vrrauvn
983 511 987 517 ,

270 616 466 694 procurrunt
488 617 599 693 antae,
621 611 656 674 in
673 612 788 676 iisdem
810 637 828 677 e
852 617 986 700 regione
1010 616 1111 680 cellae
1128 619 1294 704 parietum
1316 622 1456 683 colum·
1503 673 1504 678 ,

270 747 330 790 666
359 725 454 789 binas
483 727 678 792 collocantes
709 729 854 795 efficiunt
883 732 1139 814 Tuscanieorum
1172 745 1205 800 et
1233 737 1455 802 Graecorum

270 864 402 928 operum
424 868 626 910 communem
648 850 936 914 ratiocinationem.
1313 833 1317 838 Ι

355 967 384 1026 6.
410 965 490 1051 (61.)
513 965 583 1029 Alii
603 989 681 1032 vero
707 965 1069 1056 removentes'parietes
1093 963 1184 1034 aedis
1208 981 1239 1036 et
1266 973 1453 1060 applican-

237 1089 316 1146 stes
353 1083 395 1146 ad
429 1084 692 1169 intercolumnia,
731 1095 925 1172 pteromatos
958 1089 1073 1174 spatiis
1108 1090 1247 1153 sublatis
1285 1090 1454 1156 efficiunt

269 1200 412 1285 amplum
435 1200 655 1267 laxamentum
678 1204 793 1286 cellae3
822 1205 949 1292 reliqua
977 1213 1085 1268 autem
1113 1209 1389 1293 proportionibus
1418 1219 1454 1273 et

269 1320 465 1404 symmetriis
487 1321 603 1384 iisdem
630 1330 859 1388 conservantes
882 1323 974 1387 aliud
1000 1345 1105 1408 genus
1130 1324 1256 1409 figurae
1277 1329 1451 1391 nominis-

268 1460 330 1524 que
352 1438 507 1504 videntur
527 1444 835 1523 pseudoperipterum
857 1443 1093 1529 procreavisse.

354 1558 436 1645 (62.)
458 1557 549 1622 Haec
573 1568 679 1623 autem
701 1581 822 1644 genera
843 1551 976 1645 propter
998 1583 1092 1624 usum
1108 1561 1343 1626 sacrificiorum
1364 1585 1449 1628 con-

224 1684 447 1741 revertuntur.
493 1675 567 1741 Non
600 1678 683 1740 enim
712 1677 861 1741 omnibus
891 1678 954 1741 diis
983 1677 1100 1741 iisdem
1127 1678 1308 1744 rationibus
1334 1683 1449 1746 aedes
1503 1761 1504 1768 ἵ

266 1803 343 1858 sunt
365 1793 553 1878 faciendae,
577 1795 663 1882 quod
685 1795 767 1858 alius
786 1794 851 1858 alia
870 1797 1028 1861 varietate
1048 1801 1213 1861 sacrorum
1234 1797 1447 1882 religionum

266 1909 364 1973 habet
384 1910 529 1974 effectus.

702 2035 894 2144 onnon
923 2081 985 2147 m.

351 2254 381 2313 7.
408 2249 491 2335 (63.)
516 2248 638 2313 Omnes
655 2248 782 2312 aedium
802 2270 966 2324 sacrarum
986 2251 1267 2333 ratiocinationes,
1287 2253 1336 2314 uti
1353 2254 1444 2317 mihi

221 2393 245 2432 15
265 2367 406 2432 traditae
427 2377 518 2452 sunt,
542 2369 693 2455 exposui,
714 2367 907 2454 ordinesque
929 2376 961 2431 et
982 2372 1188 2454 symmetrias
1205 2391 1314 2433 earum
1331 2373 1442 2454 parti-

212 2564 215 2570 ,
263 2487 409 2550 tionibus
432 2486 587 2569 distinxi3
614 2495 646 2549 et
667 2507 801 2572 quarum
822 2485 968 2571 dispares
998 2496 1074 2551 sunt
1102 2488 1227 2573 figurae
1255 2496 1286 2550 et
1308 2489 1439 2573 quibus

263 2605 508 2670 discriminibus
532 2608 617 2669 inter
637 2628 670 2668 se
689 2613 763 2667 sunt
781 2603 986 2690 disparatae,
1010 2605 1117 2690 quoad
1132 2607 1224 2691 potui
1243 2606 1439 2690 significa-re

264 2725 411 2809 scriptis,
446 2725 593 2809 exposui.
637 2723 731 2785 Nunc
766 2722 806 2785 de
836 2723 901 2785 aris
933 2723 1068 2787 deorum
1099 2722 1346 2807 immortalium,
1385 2727 1439 2788 uti

263 2849 372 2924 aptam
385 2841 645 2906 constitutionem
656 2839 797 2903 habeant
815 2840 856 2904 ad
872 2840 1104 2936 sacrificiorum
1118 2841 1292 2924 rationem,
1310 2841 1436 2907 dicam.

218 2991 244 3030 20
305 3030 308 3036 y
350 2956 424 3044 [IX]
452 2957 533 3044 (64.)
556 2958 643 3021 Arae
664 2964 810 3043 spectent
833 2958 1070 3040 adorientem,
1095 2966 1127 3022 et
1149 2952 1275 3043 semper
1296 2959 1438 3025 inferio-

261 3096 314 3137 res
334 3074 401 3138 sint
419 3073 612 3158 collocatae,
635 3096 730 3162 quam
754 3074 929 3140 simulacra
951 3097 1035 3162 quae
1059 3077 1181 3141 fuerint
1203 3079 1237 3140 in
1259 3077 1358 3158 aede,
1383 3082 1436 3148 uti

262 3193 477 3279 suspicientes
498 3188 700 3258 divinitatem
723 3195 779 3279 qui
809 3195 994 3281 supplicant
1019 3203 1051 3258 et
1082 3195 1267 3259 sacrificant
1290 3194 1436 3280 dispari-

260 3309 321 3375 bus
345 3309 573 3375 altitudinibus
600 3309 641 3373 ad
672 3311 722 3373 sui
752 3313 910 3398 cuiusque
932 3313 984 3377 dei
1001 3313 1159 3376 'decorem
1180 3288 1433 3399 componantur.
1466 3293 1472 3308 ⁹

260 3429 461 3495 Altitudines
485 3434 593 3494 autem
615 3451 724 3493 earum
749 3431 797 3492 sic
819 3438 895 3494 sunt
911 3428 1141 3514 explicandae,
1162 3431 1212 3493 uti
1232 3429 1305 3494 Iovi
1323 3433 1434 3494 omni-

214 3571 241 3610 25
260 3548 386 3634 busque
408 3548 605 3612 caelestibus
627 3569 723 3633 quam
749 3547 991 3611 excelsissimae
1016 3549 1271 3630 constituantur3
1293 3545 1431 3631 Vestae,

260 3665 381 3730 Terrae
403 3665 553 3752 Marique
581 3665 720 3729 humiles
742 3664 956 3748 collocentur3
987 3667 1037 3728 ita·
1060 3666 1198 3728 idoneae
1221 3665 1272 3728 his
1296 3665 1430 3728 institu-

259 3782 401 3846 tionibus
417 3782 667 3868 explicabuntur
678 3784 713 3847 in
725 3783 991 3870 meditationibus
1010 3805 1140 3846 ararum
1159 3782 1430 3846 deformationes.

345 3901 426 3988 (65.)
456 3900 638 3986 Explicatis
660 3900 788 3963 aedium
811 3923 977 3965 sacrarum
999 3898 1288 3985 compositionibus
1310 3898 1343 3960 in
1365 3899 1430 3962 hoc

256 4015 357 4099 libro,
383 4020 417 4080 in
445 4019 593 4104 sequenti
616 4019 655 4082 de
678 4020 896 4083 communium
919 4010 1052 4106 operum
1074 4017 1248 4081 reddemus
1272 4017 1430 4080 distribu-

212 4155 238 4196 66
257 4134 401 4199 tionibus
423 4135 669 4222 explicationes.

668 4351 1005 4359 ..Ψ-...-
