3008 5162
254 423 295 483 74
755 431 914 478 vrrauv11

256 591 379 671 iacent,
413 587 455 651 ab
490 586 557 652 sole
590 591 622 651 et
651 585 730 648 luna
757 593 789 648 et
820 583 939 670 pruina
965 594 1139 650 concoctae
1162 585 1382 652 resolvuntur
1402 595 1431 651 et

254 707 338 770 fiunt
356 714 519 788 tcrrosae3
544 705 592 768 ita
613 727 686 768 cum
708 704 743 766 in
766 709 963 767 structuram
991 705 1227 786 coniiciuntur,
1262 727 1334 769 non
1362 729 1431 793 pos-

258 832 334 888 sunt
356 824 522 889 continere
550 830 735 904 caementa,
769 820 827 885 sed
855 843 894 885 ea
920 829 1035 905 ruunt,
1069 830 1101 885 et
1127 820 1287 887 labuntur
1320 845 1432 904 onera,

258 966 341 1031 quae
360 943 503 1029 parietes
534 964 599 1005 non
626 948 764 1028 possunt
794 939 964 1003 sustinere.
1008 940 1169 1004 Recentes
1199 949 1312 1004 autem
1340 941 1432 1005 fossi-

224 1091 236 1129 s
256 1063 337 1145 ciac,
359 1083 433 1126 curn
452 1061 486 1138 in
502 1059 673 1123 structuris
692 1067 801 1122 tantas
817 1057 962 1121 habeant
978 1059 1128 1142 virtutes,
1148 1057 1211 1123 hae
1230 1061 1266 1124 in
1283 1064 1431 1126 tectoriis

256 1181 331 1245 ideo
353 1202 419 1244 non
443 1187 519 1242 sunt
539 1177 652 1262 utiles,
676 1177 763 1264 quod
785 1177 1009 1264 pinguitudini
1032 1179 1102 1242 eius
1126 1180 1201 1244 calx
1221 1179 1322 1266 palea
1349 1203 1433 1244 com·

255 1301 360 1365 mixta
382 1307 515 1385 propter
536 1296 776 1362 vehementiam
801 1316 868 1360 non
889 1304 997 1380 potest
1017 1297 1088 1360 sine
1110 1298 1202 1361 rimis
1229 1299 1432 1364 inarescere.

256 1418 443 1482 Fluviatica
464 1436 543 1480 vero
565 1422 697 1501 propter
716 1414 919 1477 macritatem
946 1415 1036 1500 operi
1060 1416 1190 1501 signino
1213 1418 1349 1481 inutilis
1375 1427 1431 1499 est,

257 1536 315 1600 sed
334 1534 526 1598 liaculorum
551 1532 797 1598 subactionibus
820 1533 855 1594 in
875 1533 1011 1597 tectorio
1032 1534 1149 1619 recipit
1171 1532 1388 1599 soliditatem.

697 1936 889 2003 CAPUT
919 1939 960 2002 V.

346 2262 372 2323 1.
400 2258 482 2345 (21.)
517 2259 569 2324 De
603 2260 745 2324 harenae
778 2260 881 2346 copiis
915 2281 988 2322 cum
1022 2255 1183 2323 habeatur
1216 2258 1433 2346 explicatum,

257 2388 326 2443 tum
345 2380 443 2444 etiam
461 2379 502 2443 de
525 2379 614 2444 calce
630 2379 802 2464 diligentia
825 2387 875 2442 est
898 2377 1097 2461 adhibenda,
1114 2379 1163 2441 uti
1187 2378 1226 2442 de
1250 2376 1324 2442 albo
1349 2401 1432 2442 saxo

256 2508 313 2562 aut
336 2496 426 2562 silice
455 2506 629 2584 coquatur;
660 2505 693 2560 et
721 2519 804 2584 quae
833 2498 895 2561 erit
923 2517 966 2559 ex
994 2497 1100 2583 spisso
1130 2504 1162 2560 et
1189 2497 1337 2579 duriore,
1372 2499 1434 2560 erit

223 2635 224 2640 ¹
256 2616 346 2679 utilis
379 2617 414 2679 in
448 2624 627 2698 structura3
660 2637 744 2702 quae
782 2624 890 2679 autem
928 2636 970 2678 ex
1001 2603 1165 2696 fistuloso,
1200 2615 1234 2676 in
1268 2613 1431 2679 tectoriis.

213 2756 237 2796 15
258 2733 341 2797 Cum
364 2755 403 2796 ea
424 2733 486 2796 erit
507 2734 678 2814 exstincta,
700 2742 779 2796 tunc
801 2732 939 2795 materia
961 2731 1008 2794 ita
1029 2733 1220 2813 misceatur,
1242 2741 1293 2814 ut,
1316 2732 1347 2794 si
1370 2734 1433 2796 erit

257 2851 406 2932 fossicia,
438 2857 505 2914 tres
536 2850 678 2914 harenae
711 2859 744 2913 ct
777 2871 843 2914 una
871 2849 970 2914 calcis
999 2851 1231 2932 coniiciuntur3
1261 2851 1308 2913 ita
1338 2853 1432 2916 enim

257 2969 319 3032 erit
340 2968 427 3032 iusta
454 2969 537 3032 ratio
565 2969 733 3033 mixtionis
761 2975 1012 3053 temperaturae.
1056 2967 1168 3031 Etiam
1194 2969 1229 3031 in
1256 2967 1432 3032 fluviatica

255 3095 312 3150 aut
344 3087 472 3149 marina
505 3087 532 3149 si
566 3087 639 3173 quis
672 3094 791 3150 testam
820 3094 951 3149 tunsam
985 3093 1017 3149 et
1048 3095 1230 3150 succretam
1258 3109 1301 3150 ex
1330 3088 1432 3151 tertia

254 3213 346 3290 parte
375 3204 546 3287 adiecerit,
576 3203 698 3268 efficiet
718 3205 875 3268 materiae
896 3213 1151 3290 temperaturam
1173 3204 1216 3268 ad
1241 3227 1339 3270 usum
1360 3228 1431 3270 me·

212 3323 377 3388 mliorem.

339 3544 369 3603 2.
384 3542 464 3625 (22.)
488 3541 596 3620 Quare
621 3549 729 3606 autem
745 3561 818 3604 cum
838 3541 955 3627 recipit
976 3561 1092 3626 aquam
1117 3548 1149 3604 ct
1171 3540 1329 3606 harenam
1353 3543 1431 3605 calx

254 3670 333 3724 tunc
354 3659 524 3723 confirmat
549 3667 760 3741 structuram,
787 3657 869 3722 haec
897 3678 969 3721 esse
997 3679 1097 3721 causa
1125 3659 1272 3740 videtur,
1298 3659 1387 3744 quod
1413 3683 1430 3723 e

254 3779 442 3864 principiis,
470 3779 519 3841 uti
541 3786 650 3841 cetera
670 3800 820 3864 corpora,
851 3778 898 3840 ita
920 3785 953 3839 et
973 3797 1056 3839 saxa
1076 3783 1152 3839 sunt
1173 3785 1372 3863 temperata3
1397 3787 1431 3841 et

255 3917 339 3982 quae
361 3893 435 3980 plus
457 3895 580 3959 habent
604 3897 705 3976 ae'ris,
729 3902 804 3958 sunt
819 3901 960 3977 'tenera3
982 3915 1065 3980 quae
1093 3915 1213 3980 aquae,
1238 3893 1328 3958 lenta
1352 3904 1431 3960 sunt

206 4013 296 4124 gaal)
318 4013 470 4094 humore,
488 4034 571 4098 quae
593 4021 710 4096 terrae,
736 4014 834 4096 dura3
855 4035 938 4100 quae
961 4013 1059 4096 ignis,
1082 4011 1262 4097 fragiliora.
1308 4013 1430 4099 Itaque

256 4154 298 4195 ex
322 4127 374 4194 his
397 4150 493 4212 saxa,
523 4131 551 4193 si
573 4139 747 4218 antequam
769 4140 967 4218 coquantur,
997 4138 1134 4196 contusa
1156 4131 1296 4213 minute,
1320 4133 1430 4196 mixta

254 4248 396 4311 harenae
418 4249 454 4310 in
477 4253 673 4311 structuram
695 4251 927 4332 coniiciantur,
952 4249 1169 4333 solidescunt,
1193 4271 1254 4313 neo
1277 4271 1349 4314 eam
1368 4272 1430 4336 po·

217 4441 222 4452 ,
255 4372 365 4429 terunt
387 4364 569 4448 continere3
598 4387 671 4429 curn
696 4390 773 4432 vero
802 4368 951 4432 coniecta
982 4368 1017 4430 in
1046 4366 1231 4449 fornacem,
1260 4368 1347 4453 ignis
1370 4389 1429 4431 ve-
