3006 5170
264 417 305 478 22
766 415 924 466 VITBUVII

265 581 308 646 ab
331 599 446 644 severo
465 597 555 642 mere
576 574 772 640 Doricerum
794 582 827 637 et
849 595 869 637 a
889 572 1063 636 teneritate
1087 565 1358 632 Corinthiorum
1396 572 1485 626 tem

265 698 435 789 parabitur
455 715 567 759 earum
586 693 748 757 institutio
770 691 989 778 proprietatis,
1035 692 1065 752 6.
1088 687 1142 751 Ad
1162 684 1485 751 consuetudinem

266 825 374 882 autern
399 815 497 878 decor
524 812 571 876 sic
594 810 804 896 exprimitur,
842 830 914 872 eum
941 807 1100 872 aedificiis
1129 801 1365 869 interioribus
1410 825 1484 864 nra

268 933 397 1020 gnificis
423 933 501 994 item
523 926 688 994 vestibula
708 927 936 992 convenientia
959 933 991 989 et
1018 924 1183 1010 elegantia
1210 930 1316 988 erunt
1350 921 1474 984 faeta

239 1053 297 1124 ssi
331 1051 418 1114 enim
460 1048 616 1112 interiora
658 1051 848 1132 prospectus
882 1041 1056 1108 habuerint
1096 1041 1285 1128 elegantes,
1342 1041 1485 1104 aditus

269 1176 377 1232 autem
406 1164 544 1229 humiles
571 1172 602 1228 et
628 1161 831 1243 inhonestos,
865 1181 932 1224 non
954 1168 1048 1224 erunt
1077 1182 1150 1224 eum
1178 1160 1313 1225 decore.
1373 1157 1485 1222 Item

269 1287 297 1350 si
317 1284 450 1349 Derieis
470 1282 634 1370 epistyliis
655 1282 690 1345 in
712 1279 840 1345 coronis
863 1278 1022 1342 denticuli
1044 1278 1248 1374 sculpentur,
1291 1285 1361 1341 aut
1391 1278 1482 1365 pul-

267 1403 389 1469 vinatis
417 1401 576 1466 columnis
605 1408 638 1465 et
665 1400 787 1465 Ionicis
814 1394 976 1483 epistyliis
1011 1395 1046 1457 in
1073 1393 1223 1480 zepheris
1254 1397 1478 1482 exprimen-

269 1529 323 1584 tur
340 1519 515 1607 triglyphi,
543 1519 710 1613 translatis
732 1540 774 1582 cx
791 1516 858 1580 alia
874 1515 1000 1580 ratione
1020 1511 1276 1600 proprietatibus
1297 1514 1339 1575 in
1362 1514 1474 1578 aliud

226 1671 251 1712 10
270 1661 373 1724 genus
395 1639 502 1724 operis
509 1686 518 1720 ,
552 1637 734 1702 offendetur
755 1609 922 1721 aspectus,
955 1631 1029 1695 aliis
1053 1638 1128 1694 ante
1151 1627 1291 1692 ordinis.
1308 1650 1472 1694 censue-

269 1755 440 1819 tudinibus
460 1755 631 1819 institutis.
677 1759 706 1818 7.
733 1753 815 1838 (28.)
845 1749 1013 1815 Naturalis
1036 1758 1143 1813 autem
1166 1747 1264 1811 decer
1294 1747 1350 1810 sic
1381 1749 1467 1830 erit,

270 1874 298 1934 ai
326 1871 463 1956 primum
491 1871 640 1937 omnibus
667 1869 798 1956 templis
828 1869 1063 1933 saluberrimae
1090 1868 1241 1952 regiones
1270 1885 1465 1951 aquarum-

271 2009 333 2074 que
356 1988 464 2052 sontes
486 1989 521 2052 in
541 1987 594 2052 his
616 1987 696 2052 locis
718 1988 829 2052 idonei
851 1988 1031 2071 eligentur,
1069 1981 1243 2071 inquibus
1265 1983 1350 2048 fana
1376 2007 1461 2050 cen-

174 2116 179 2126 ·
272 2107 464 2189 stituantur3
509 2105 628 2170 deinde
662 2107 805 2170 maxime
835 2104 1051 2191 Aesculapio,
1099 2102 1204 2168 Saluti
1238 2112 1272 2166 et
1306 2125 1457 2188 quorum

227 2253 253 2294 15
272 2223 406 2288 deorum
427 2221 560 2308 plurimi
586 2222 760 2288 medicinis
786 2225 878 2309 aegri
906 2223 1014 2287 curari
1038 2221 1203 2286 videntur.
1249 2219 1333 2285 Cum
1360 2225 1455 2286 enim

272 2364 314 2406 ex
350 2342 518 2429 pestilenti
556 2342 591 2405 in
628 2339 792 2407 salubrem
826 2341 933 2406 lecum
973 2362 1109 2426 corpora
1147 2361 1246 2425 aegra
1283 2339 1454 2405 translata

271 2462 409 2544 fuerint,
439 2467 471 2524 et
501 2482 518 2523 e
546 2459 693 2524 fontibus
716 2460 905 2524 salubribus
932 2482 1089 2547 aquarum
1112 2481 1190 2523 usus
1215 2456 1451 2523 subministra-

269 2581 408 2662 buntur,
442 2579 581 2642 celerius
609 2577 857 2661 convalescent3
889 2579 935 2641 ita
965 2576 1139 2659 efficietur,
1171 2576 1220 2639 uti
1254 2597 1296 2640 ex
1323 2585 1447 2641 natura

269 2697 334 2760 leci
356 2697 498 2759 maiores
522 2703 699 2780 auctasque
725 2717 799 2759 cum
830 2694 991 2779 dignitate
1021 2695 1177 2760 divinitas
1205 2693 1347 2779 excipiat
1375 2696 1445 2780 opi-

227 2841 254 2882 re
272 2813 398 2876 niones.
442 2810 525 2876 Item
548 2820 685 2876 naturae
707 2812 805 2877 decor
823 2814 901 2896 erit,
936 2815 963 2877 si
993 2811 1152 2877 cubiculis
1179 2820 1211 2875 ct
1234 2810 1442 2892 bibliothecis

271 2929 458 3013 oboriente
479 2929 604 2994 lumina
625 2931 808 3018 capientur,
835 2931 964 2996 balneis
991 2940 1024 2996 et
1044 2929 1266 2996 hibernaculis
1293 2929 1332 2995 ab
1355 2934 1440 2995 ecci·
1484 2999 1485 3008 χ

272 3049 368 3112 dente
391 3047 543 3131 hiberno,
574 3048 796 3137 pinacothecis
826 3057 857 3112 ct
883 3050 1003 3136 quibus
1032 3048 1130 3113 certis
1159 3046 1333 3112 luminibus
1354 3072 1436 3136 epus

273 3174 322 3230 cst
344 3165 509 3253 partibus,
538 3189 558 3230 a
580 3168 814 3255 septentrione,
844 3167 931 3254 quod
961 3189 1000 3230 ea
1026 3166 1107 3232 caeli
1137 3169 1228 3253 regie
1255 3188 1353 3253 neque
1382 3191 1435 3232 ex-

273 3283 436 3369 claratur,
470 3307 576 3371 neque
599 3285 792 3350 obscuratur
819 3285 897 3350 selis
920 3308 1033 3370 cursu,
1066 3284 1196 3352 sedeat
1221 3292 1354 3350 certast
1376 3287 1432 3350 im-

230 3430 255 3470 as
272 3402 439 3466 mutabilis
462 3401 515 3466 die
536 3410 705 3488 perpetue.

360 3638 389 3700 8.
407 3634 489 3721 (29.)
512 3635 712 3704 Distributio
737 3647 843 3704 autem
867 3648 916 3704 est
939 3641 1106 3726 copiarum
1126 3638 1254 3726 locique
1274 3643 1426 3706 commoda

277 3753 479 3839 dispensatio
485 3801 494 3836 ,
521 3775 683 3842 parcaque
702 3759 737 3820 in
755 3757 909 3843 operibus
924 3766 1072 3844 sumptus
1091 3779 1164 3822 cum
1178 3759 1298 3822 ratione
1314 3767 1423 3846 tempe-

276 3869 371 3934 ratio.
417 3870 500 3957 (30.)
521 3869 612 3936 Haec
630 3875 677 3937 ita
700 3874 947 3956 observabitur,
979 3879 1006 3942 si
1024 3879 1165 3963 primum
1187 3875 1363 3940 architectus
1385 3901 1420 3942 ea

243 4051 245 4054 .
277 4011 343 4052 non
358 3996 504 4074 quaeret,
529 4011 611 4075 quae
624 4014 688 4056 nen
706 4002 859 4081 poterunt
876 3995 1019 4061 inveniri
1039 4004 1095 4061 aut
1107 3997 1218 4084 parari
1232 3995 1291 4059 nisi
1302 4017 1415 4080 magno.

232 4132 257 4172 se
274 4106 424 4193 Namque
446 4129 513 4172 nen
537 4109 686 4172 omnibus
709 4109 789 4176 loeis
811 4113 952 4178 harenae
980 4114 1146 4196 fossitiae,
1181 4135 1241 4179 nec
1263 4125 1414 4182 caemento-

275 4246 362 4307 rum,
393 4247 454 4288 nec
476 4223 611 4308 abietis,
640 4247 701 4290 nec
723 4231 948 4317 sappinorum,
982 4253 1044 4295 nec
1064 4234 1237 4296 marmoris
1262 4233 1337 4319 eopia
1355 4243 1411 4319 est,

276 4340 333 4406 sed
359 4342 449 4408 aliud
476 4343 540 4408 alie
565 4343 638 4408 loee
666 4347 824 4430 nascitur,
862 4370 999 4434 querum
1026 4349 1292 4436 comportationes
1314 4349 1409 4416 diffici-
