3028 5164
262 398 321 460 180
762 403 921 452 vrrauvn

261 562 408 629 contueri
431 557 651 646 supplicantes
674 565 707 620 et
730 554 969 638 sacrificantes3
999 563 1100 640 quare
1128 575 1201 618 aras
1224 559 1357 616 omnes
1384 550 1465 613 deo-

260 703 333 746 rum
354 701 489 744 necesse
511 699 582 742 esse
602 676 733 741 videtur
755 672 797 737 ad
818 673 976 737 orientem
998 679 1157 759 spectare.

346 801 376 861 2.
402 797 484 884 (43.)
510 794 569 860 Sin
590 803 699 858 autem
722 793 785 857 loci
811 799 933 868 natura
960 787 1233 875 interpellaverit,
1260 797 1359 851 tunc
1385 808 1468 850 eon-

263 915 441 981 vertendae
479 921 555 979 sunt
594 933 705 976 earum
739 911 908 996 regionum
947 907 1214 988 constitutiones,
1250 907 1306 970 uti
1356 927 1468 992 quam

234 1035 403 1121 splurima
430 1053 506 1119 pars
532 1031 695 1094 moenium
719 1050 736 1091 e
757 1027 887 1114 templis
917 1025 1050 1089 deorum
1076 1026 1316 1110 conspiciatur.
1373 1023 1467 1087 Item

266 1152 293 1214 si
318 1150 495 1214 seeundum
516 1147 651 1212 flumina
674 1146 773 1210 aedes
795 1166 908 1208 sacrae
924 1145 1020 1226 fient,
1045 1143 1091 1206 ita
1112 1143 1161 1206 uti
1178 1142 1347 1228 Aegypto
1370 1143 1470 1204 eirea

265 1266 393 1349 Nilum,
414 1266 455 1328 ad
476 1265 621 1330 fluminis
643 1266 731 1349 ripas
757 1263 912 1326 videntur
935 1270 1083 1347 spectare
1106 1259 1234 1324 debere.
1282 1259 1469 1324 Similiter

267 1388 295 1451 si
317 1387 439 1450 circum
461 1385 531 1449 vias
549 1380 698 1468 publicas
719 1388 814 1444 erunt
835 1379 987 1443 aedificia
1002 1379 1153 1458 deorum,
1172 1379 1219 1440 ita
1239 1378 1468 1442 constituan-

266 1513 338 1586 tur,
367 1503 417 1566 uti
445 1508 688 1588 praetereuntes
712 1499 839 1584 possint
859 1497 1021 1583 respicere
1044 1505 1077 1560 et
1099 1497 1132 1560 in
1155 1505 1343 1581 conspectu
1371 1497 1468 1559 salu-

227 1623 407 1686 lutationes
430 1619 551 1682 facere.

728 1783 921 1849 CAPUT
954 1781 1012 1846 VI.

252 2041 254 2044 .
354 1967 385 2045 l.
415 1980 497 2067 (44.)
530 1979 696 2043 Ostiorum
725 1987 833 2042 autem
864 1987 1038 2064 eteorum
1064 1985 1407 2062 antepagmentorum
1430 1977 1466 2036 in

273 2099 411 2164 aedibus
443 2098 504 2161 hae
538 2105 614 2160 sunt
645 2097 804 2180 rationes,
841 2099 890 2162 uti
918 2099 1059 2184 primum
1092 2095 1354 2177 constituantur,
1393 2115 1463 2178 quo

273 2236 393 2299 genere
413 2215 479 2277 sint
497 2198 645 2296 futurae,
664 2235 787 2300 genera
806 2225 882 2280 sunt
897 2216 984 2279 enim
1000 2213 1208 2300 thyromaton
1229 2213 1328 2296 haec,
1352 2211 1462 2275 Dori-

233 2362 256 2402 15
275 2356 365 2417 cum,
388 2333 553 2420 Ionicum,
575 2331 775 2416 Atticurges.

333 2538 335 2540 Ι
362 2449 444 2538 (45.)
466 2451 591 2514 Horum
614 2450 711 2536 primi
733 2451 941 2534 symmetriae
970 2451 1216 2536 conspiciuntur
1241 2447 1292 2512 his
1312 2444 1459 2510 rationi-

276 2571 354 2652 bus,
376 2571 424 2634 uti
445 2589 565 2634 corona
587 2589 728 2649 summa,
750 2588 834 2651 quae
856 2591 955 2655 supra
982 2575 1271 2655 antepagmentum
1297 2565 1460 2652 superius

276 2687 468 2773 imponitur,
498 2707 602 2771 aeque
634 2684 753 2748 librata
781 2685 823 2746 sit
855 2685 1007 2771 capitulis
1042 2687 1174 2749 summis
1211 2683 1458 2762 columnarum,

279 2804 419 2889 quaein
444 2823 566 2886 pronao
596 2801 727 2864 fuerint.
779 2801 905 2866 Lumen
934 2810 1042 2868 autem
1068 2803 1242 2889 hypaethri
1272 2805 1458 2867 constitua·

234 2939 260 2980 ao
278 2927 332 2982 tur
365 2919 429 3000 sic,
451 2917 508 2980 ¹uti
542 2939 626 3003 quae
662 2914 800 2982 altitudo
827 2919 918 2982 aedis
944 2941 963 2982 a
992 2923 1178 3008 pavimento
1207 2920 1250 2984 ad
1277 2921 1459 2986 lacunaria

279 3035 395 3117 fuerit,
421 3033 589 3099 dividatur
615 3037 650 3098 in
676 3045 785 3122 partes
811 3044 878 3100 tres
902 3009 1015 3120 semis,
1042 3019 1138 3100 etex
1164 3039 1211 3100 eis
1234 3037 1318 3102 duae
1337 3015 1457 3124 partes

281 3151 403 3215 lumine
425 3151 597 3217 valvarum
617 3150 789 3218 altitudine
812 3159 1069 3236 constituantur;
1088 3153 1170 3218 haec
1192 3161 1299 3218 autem
1322 3154 1457 3219 divida-

281 3277 335 3342 tur
351 3270 385 3333 in
406 3277 515 3356 partes
536 3269 621 3352 XII,
645 3279 677 3334 et
691 3271 792 3334 ereis
807 3273 955 3357 quinque
964 3281 996 3335 et
1011 3271 1148 3335 dimidia
1162 3271 1301 3336 latitudo
1316 3271 1456 3334 luminis

282 3369 338 3453 liat
364 3391 398 3452 in
427 3391 510 3471 im03
538 3389 625 3452 etin
649 3411 773 3453 summo
797 3363 1025 3472 contrahatur,
1053 3391 1081 3453 si
1104 3391 1166 3454 erit
1189 3381 1298 3452 lum'en
1321 3389 1364 3452 ab
1387 3391 1454 3452 imo

145 3511 147 3516 ’
238 3530 264 3570 25
282 3505 325 3568 ad
348 3505 491 3570 sedecim
512 3507 626 3592 pedes,
649 3509 894 3594 antepagmenti
915 3508 1012 3570 tertia
1040 3515 1149 3594 parte3
1177 3507 1205 3570 si
1227 3504 1310 3569 XVI
1331 3506 1454 3590 pedum

283 3622 326 3685 ad
356 3619 468 3706 XXV,
506 3624 654 3709 superior
684 3646 760 3709 pars
798 3622 931 3696 luminis
961 3625 1171 3689 contrahatur
1205 3622 1454 3710 antepagmenti

282 3747 374 3825 parte
399 3740 487 3822 IIII,
519 3741 547 3804 si
573 3761 593 3804 a
619 3739 759 3826 pedibus
782 3738 883 3804 XXV
906 3741 948 3805 ad
974 3743 1095 3826 XXX,
1120 3763 1246 3820 summa
1272 3763 1349 3826 pars
1379 3763 1454 3806 eon-

160 3911 162 3918 .
282 3858 430 3922 trahatur
451 3859 694 3944 antepagmenti
716 3866 808 3944 parte
830 3859 933 3943 VIII3
963 3861 1175 3948 reliquaque
1204 3860 1321 3924 altiora
1347 3867 1454 3939 erunt,

286 3973 329 4040 ad
345 3975 615 4062 perpendiculum
633 3975 789 4040 videntur
811 3985 959 4062 oportere
985 3978 1147 4043 collocari.
1194 3980 1223 4039 2.
1245 3977 1323 4062 Ipsa
1345 3985 1454 4040 autem

242 4117 269 4157 ao
285 4101 536 4180 antepagmenta
559 4094 790 4158 contrahantur
810 4095 845 4157 in
860 4118 984 4160 summo
1001 4117 1079 4158 suae
1095 4094 1326 4158 crassitudinis
1347 4091 1453 4156 XHII

284 4219 387 4296 parte'.
449 4211 622 4296 Supercilii
664 4212 846 4278 crassitudo
889 4224 1014 4301 quanta
1055 4219 1377 4302 antepagmentorum
1422 4215 1453 4276 in

287 4347 412 4390 summa
431 4337 523 4414 parte
544 4329 606 4393 erit
628 4330 820 4396 crassitudo.
868 4329 1055 4416 Cymatium
1078 4331 1266 4396 faciendum
1293 4339 1343 4394 est
1364 4339 1452 4394 ante-
