3006 5170
274 441 314 504 42
780 451 937 498 vrruuvu

273 606 464 672 exclusione
479 613 651 671 ventorum
669 604 856 691 expeditius
872 602 1085 668 curabuntur.
1113 602 1204 667 Vitia
1221 611 1340 668 autem
1368 613 1474 684 sunt,

274 748 358 814 quae
395 724 570 789 difficulter
603 717 760 788 curantur
797 725 833 787 in
865 721 1073 808 regionibus,
1116 743 1199 808 quae
1234 731 1311 787 sunt
1353 745 1474 810 supra

275 847 429 933 scriptae,
459 844 559 907 haec:
591 840 767 927 gravitudo
786 843 961 923 arteriaca,
992 844 1109 923 tussis,
1137 839 1288 926 pleuritis
1295 890 1304 924 ,
1344 842 1474 928 phthi-

275 966 335 1046 sis,
366 963 536 1047 sanguinis
562 962 677 1026 eiectio
700 967 732 1022 et
754 967 881 1039 cetera,
910 981 995 1046 quae
1016 981 1082 1024 non
1103 959 1376 1024 detractionibus
1407 960 1474 1024 sed

244 1081 515 1147 sadiectionibus
553 1087 718 1145 curantur.
777 1077 870 1141 Haec
906 1077 980 1143 ideo
1019 1077 1195 1142 difficulter
1228 1078 1474 1161 medicantur,

273 1204 414 1289 primum
437 1200 523 1287 quod
545 1221 589 1263 ex
610 1197 788 1283 frigoribus
811 1198 1056 1285 concipiuntur3
1078 1197 1197 1262 deinde
1219 1197 1326 1284 quod,
1367 1199 1473 1264 defa-

274 1321 389 1406 tigatis
411 1319 525 1384 morbo
549 1318 675 1384 viribus
696 1340 822 1400 eorum,
855 1325 911 1382 aer
934 1318 1076 1404 agitatus
1099 1325 1271 1382 ventorum
1294 1318 1473 1402 agitatio-

275 1438 372 1504 nibus
399 1446 610 1519 extenuatur,
644 1458 774 1522 unaque
802 1458 822 1499 a
851 1437 977 1501 vitiosis
997 1435 1187 1523 corporibus
1211 1434 1367 1499 detrahit
1392 1459 1470 1500 suc-

276 1580 350 1622 cum
372 1566 404 1622 ct
426 1556 529 1622 efficit
551 1579 590 1621 ea
611 1556 759 1622 exiliora.
806 1555 928 1620 Contra
954 1577 1031 1619 vcro
1061 1553 1144 1618 lenis
1173 1562 1205 1619 et
1226 1575 1369 1618 crassus
1397 1563 1469 1636 aer,

234 1699 259 1739 ro
276 1678 333 1763 qui
351 1675 508 1764 perflatus
528 1697 594 1740 non
617 1675 715 1740 habet
739 1697 845 1761 neque
877 1673 1009 1738 crebras
1032 1673 1282 1768 redundantiae,
1314 1685 1470 1761 propter

276 1798 445 1859 immotam
468 1792 681 1858 stabilitatem
704 1793 888 1858 adiiciendo
911 1793 954 1856 ad
980 1792 1126 1857 membra
1152 1813 1277 1875 eorum,
1310 1793 1385 1858 alit
1409 1819 1468 1860 eos

277 1921 309 1978 et
330 1912 449 1996 reficit,
469 1911 525 1999 qui
548 1913 582 1974 in
603 1910 653 1982 his
677 1919 753 1976 sunt
771 1913 920 2000 impliciti
942 1912 1075 1977 morbis.

355 2105 394 2196 fl.
409 2098 490 2185 (50.)
510 2097 686 2162 Nonnullis
702 2099 825 2186 placuit
848 2123 918 2164 csse
940 2107 1055 2166 ventos
1079 2107 1235 2186 quatuor,
1259 2099 1301 2166 ab
1322 2103 1465 2166 oriente

278 2217 510 2308 aequinoctiali
524 2215 679 2282 Solarium
687 2270 696 2302 ,
720 2242 740 2283 a
756 2219 892 2284 meridie
906 2219 1075 2302 Austrum,
1094 2217 1136 2282 ab
1153 2219 1323 2284 occidente
1338 2222 1464 2307 aequi-

235 2364 259 2404 15
277 2339 411 2405 noctiali
422 2338 618 2420 Favonium,
631 2360 651 2401 a
661 2338 908 2424 septentrionali
920 2337 1191 2424 Septentrionem.
1213 2337 1295 2424 (51.)
1312 2337 1387 2403 Sed
1402 2342 1462 2427 qui

277 2458 469 2544 diligentius
492 2457 773 2543 perquisiverunt‚
795 2456 1002 2521 tradiderunt
1024 2477 1078 2520 eos
1100 2465 1280 2541 esseocto,
1305 2461 1462 2522 maxime

277 2578 407 2666 quidem
434 2575 643 2640 Andronicus
674 2574 885 2661 Oymhestes,
922 2576 979 2661 qui
1008 2575 1107 2639 etiam
1136 2575 1322 2661 exemplum
1355 2576 1462 2641 collo-

278 2698 366 2762 cavit
391 2693 531 2760 Athenis
562 2695 678 2758 turrim
708 2715 919 2759 marmoream
946 2702 1145 2778 octogonon,
1181 2703 1214 2758 et
1244 2695 1280 2758 in
1309 2694 1461 2780 singulis

278 2813 436 2878 lateribus
466 2814 618 2898 octogoni
646 2813 847 2900 singulorum
873 2822 1045 2893 ventorum
1075 2815 1236 2900 imagines
1260 2812 1461 2899 exsculptae

235 2955 262 2996 ao
280 2905 393 2997 cohtra
423 2952 498 2995 suos
532 2932 689 3018 cuiusque
719 2931 816 2995 flatus
850 2930 1054 3017 designavit,
1089 2953 1251 3019 supraque
1281 2953 1356 2994 eam
1390 2941 1462 2995 tur-

279 3052 341 3116 rim
363 3058 482 3115 metam
505 3072 718 3116 marmoream
740 3049 892 3137 perfecit,
917 3058 949 3113 et
971 3051 1105 3138 insuper
1128 3051 1295 3114 Tritonem
1317 3072 1462 3114 aereum

280 3169 453 3235 collocavit
479 3169 596 3234 dextra
619 3191 718 3234 manu
746 3170 874 3254 virgam
895 3169 1132 3255 porrigentem3
1165 3178 1197 3233 et
1228 3171 1276 3233 ita
1306 3177 1357 3232 cst
1389 3191 1462 3232 ma-

280 3289 447 3372 chinatus,
478 3290 528 3353 uti
548 3296 647 3353 vento
671 3288 962 3372 circumageretur,
991 3296 1028 3374 „ct
1051 3310 1179 3375 semper
1200 3297 1315 3354 eontra
1336 3286 1460 3352 flatum

280 3408 487 3490 consisteret,
521 3428 683 3494 supraque
708 3406 886 3491 imaginem
908 3405 1017 3470 flantis
1043 3409 1135 3472 venti
1158 3406 1300 3471 indicem
1323 3407 1460 3491 virgam

235 3554 262 3595 as
281 3535 417 3591 teneret.
441 3531 471 3590 5.
487 3525 569 3612 (52.)
586 3524 702 3611 Itaque
718 3531 793 3588 sunt
807 3523 958 3588 collocati
970 3525 1056 3588 inter
1070 3523 1225 3589 Solanum
1245 3533 1278 3588 et
1291 3523 1459 3588 Austrum

282 3646 323 3710 ab
340 3645 466 3709 oriente
487 3643 624 3707 hiberno
641 3642 769 3724 Eurus,
793 3643 878 3706 inter
895 3642 1053 3706 Austrum
1075 3652 1108 3707 et
1129 3643 1312 3708 Favonium
1337 3642 1383 3706 ab
1409 3665 1460 3706 oc-

282 3762 412 3827 cidente
445 3762 583 3826 hiberno
612 3760 761 3843 Africus,
798 3761 883 3825 inter
912 3760 1095 3826 Favonium
1130 3769 1162 3825 et
1188 3759 1458 3848 Septentrionem

283 3880 426 3964 Caurus,
456 3902 553 3966 quern
581 3878 691 3966 plures
715 3888 835 3942 vocant
858 3877 993 3963 Corum,
1027 3881 1114 3944 inter
1135 3877 1403 3964 Septentrionem
1428 3889 1461 3944 et

283 3999 439 4065 Solarium
455 3997 587 4084 Aquilo.
620 3997 701 4082 (53.)
720 3995 793 4061 Hoc
813 3997 908 4061 modo
928 3997 1060 4064 videtur
1082 4020 1153 4062 esse
1176 4019 1386 4084 expressum,
1411 4000 1460 4062 uti

238 4143 264 4184 so
284 4121 392 4206 capiat
413 4137 564 4181 numeros
587 4124 620 4180 et
640 4116 774 4180 nomina
793 4123 825 4178 et
846 4124 975 4201 partes,
1001 4116 1088 4180 unde
1115 4116 1211 4181 flatus
1236 4117 1317 4180 certi
1340 4126 1459 4181 vento-

284 4260 357 4302 rum
379 4237 513 4323 spirent.

374 4403 457 4490 (54.)
477 4401 575 4482 Quod
597 4424 670 4466 cum
689 4404 736 4466 ita
758 4401 962 4489 exploratum
984 4401 1162 4486 habeatur,
1184 4411 1222 4468 ut
1242 4401 1458 4467 inveniantur
