3006 5170
270 386 308 446 16
372 447 380 464 ‚
774 393 933 443 vmnuvu

265 552 356 633 visu,
387 551 444 637 qui
471 549 597 614 Graece
627 542 727 630 λόγος
748 539 884 624 durando
906 547 1105 636 appellatum
1135 550 1333 636 ceterisque
1356 571 1458 616 omn

265 671 327 736 bus
350 670 507 735 doctrinis
528 667 649 732 multae
675 689 747 751 res,
777 668 831 734 vel
858 690 987 751 omnes,
1023 687 1210 730 communes
1243 676 1334 731 sunt
1370 668 1458 732 dum

266 797 359 853 taxat
381 787 424 852 ad
446 785 690 874 disputandum.
725 785 870 873 Operum
891 808 969 850 vero
988 788 1174 872 ingressus,
1196 787 1254 873 qui
1278 809 1409 850 manu
1437 809 1458 848 a

265 907 516 972 tractationibus
538 905 581 970 ad
609 904 807 989 elegantiam
829 903 1069 993 perducuntur,
1097 905 1243 990 ipsorum
1267 913 1377 987 sunt,
1412 927 1458 991 qu

234 1027 395 1114 sproprie
416 1046 483 1089 una
503 1032 574 1089 arte
596 1024 638 1089 ad
661 1024 848 1088 faciendum
872 1031 947 1087 sunt
967 1025 1121 1088 instituti.
1167 1023 1258 1109 Ergo
1280 1024 1378 1087 satis
1410 1025 1458 1087 ab

266 1144 353 1209 unde
381 1143 513 1210 videtur
539 1143 674 1225 fecisse,
706 1143 763 1228 qui
786 1163 829 1206 ex
852 1143 992 1227 singulis
1018 1141 1176 1206 doctrinis
1197 1151 1315 1228 partes
1346 1150 1387 1206 et
1416 1164 1458 1205 ra

263 1266 371 1329 tiones
395 1285 507 1328 earum
534 1262 741 1327 mediocriter
762 1259 862 1324 habet
884 1267 978 1324 notas
1006 1281 1077 1342 cas,
1117 1280 1202 1346 quac
1229 1261 1458 1326 necessaria<

266 1391 342 1447 sunt
364 1382 406 1447 ad
426 1382 695 1465 architecturam,
712 1383 760 1445 uti
782 1380 810 1444 si
830 1379 910 1467 quid
932 1379 973 1444 de
991 1380 1043 1444 his
1064 1378 1163 1444 rebus
1186 1387 1218 1442 et
1239 1379 1385 1444 artibus
1413 1382 1458 1443 iu-

266 1502 373 1566 dicare
391 1509 424 1566 et
443 1501 582 1588 probare
602 1521 684 1589 opus
703 1499 818 1581 fuerit,
841 1520 883 1561 ne
901 1496 1080 1561 deficiatur.
1127 1502 1177 1560 17.
1205 1497 1346 1577 Quibus
1370 1522 1458 1564 vero

223 1641 247 1682 10
265 1628 383 1684 natura
400 1627 526 1682 tantum
541 1619 658 1683 tribuit
680 1617 860 1700 sollertiae,
884 1616 1059 1698 acuminis,
1083 1617 1279 1698 memoriae,
1305 1625 1348 1680 ut
1374 1642 1456 1706 pos-

265 1739 331 1801 sint
350 1737 581 1821 geometriam,
611 1734 837 1819 astrologiam,
864 1735 1011 1798 musicen
1033 1742 1223 1822 ceterasque
1242 1735 1454 1823 disciplinas

264 1855 394 1940 penitus
417 1852 538 1917 habere
556 1861 666 1934 notas,
688 1859 896 1938 praetereunt
916 1852 1025 1917 officia
1046 1853 1316 1939 architectorum,
1342 1865 1382 1920 et
1403 1857 1451 1920 ef-

263 1971 418 2034 ficiuntur
442 1969 674 2034 mathematici.
719 1970 836 2056 Itaque
861 1970 1004 2035 faciliter
1025 1981 1138 2037 contra
1160 1995 1216 2038 eas
1240 1973 1449 2060 disciplinas

265 2090 431 2176 disputare
453 2096 606 2177 possunt,
639 2089 725 2174 quod
747 2088 896 2174 pluribus
918 2089 993 2153 telis
1016 2090 1260 2178 disciplinarum
1286 2102 1371 2157 sunt
1394 2117 1447 2159 ar-

223 2232 248 2272 15
264 2209 355 2272 mati.
399 2207 445 2272 Hi
467 2216 574 2272 autem
596 2208 809 2273 inveniuntur
830 2230 920 2292 raro,
946 2217 983 2273 ut
1006 2209 1182 2296 aliquando
1205 2211 1341 2276 fuerunt
1363 2213 1444 2276 Ari-

265 2327 412 2392 starchus
432 2326 577 2414 Samius,
599 2325 767 2390 Philolaus
789 2336 820 2391 et
840 2325 1006 2413 Archytas
1026 2326 1213 2412 Tarentini,
1235 2329 1440 2415 Apollonius

262 2448 444 2534 Pergaeus,
475 2445 710 2511 Eratosthenes
733 2443 940 2531 Cyrenaeus,
975 2447 1189 2512 Archimedes
1218 2455 1251 2513 et
1272 2447 1438 2536 Scopinas

263 2589 283 2628 a
304 2566 491 2651 Syracusis,
523 2565 580 2651 qui
606 2562 725 2648 multas
746 2586 799 2627 res
820 2565 991 2650 organicas
1014 2572 1046 2628 et
1067 2567 1278 2650 gnomonicas
1295 2588 1435 2633 numero

264 2682 533 2769 naturalibusque
560 2681 742 2748 rationibus
772 2683 924 2748 inventas
952 2692 1051 2770 atque
1077 2683 1260 2770 explicatas
1288 2688 1432 2772 posteris

218 2823 244 2865 ro
261 2801 475 2887 reliquerunt.

350 3034 399 3101 18.
425 3036 507 3125 (17.)
537 3035 621 3102 Cum
640 3059 717 3124 ergo
739 3036 820 3102 talia
841 3037 975 3124 ingenia
995 3060 1016 3104 a
1035 3040 1179 3105 naturali
1199 3041 1340 3107 sollertia
1356 3065 1424 3109 non

261 3155 385 3243 passim
407 3156 533 3220 cunctis
555 3157 724 3240 gentibus,
755 3156 813 3221 sed
832 3159 945 3244 paucis
967 3161 1047 3224 viris
1070 3159 1191 3225 habere
1220 3161 1420 3246 concedatur,

263 3275 406 3340 officium
438 3295 516 3341 vero
550 3275 719 3339 architecti
750 3276 900 3341 omnibus
934 3278 1171 3344 eruditionibus
1205 3279 1319 3345 debeat
1348 3304 1418 3346 esse

262 3395 492 3478 exercitatum,
515 3403 548 3458 et
566 3396 649 3459 ratio
671 3403 802 3480 propter
823 3395 1141 3482 amplitudinemrei
1157 3399 1333 3484 permittat,
1353 3421 1415 3464 non

218 3537 244 3578 25
261 3515 356 3578 iuxta
384 3514 614 3577 necessitatem
644 3535 803 3596 summas,
837 3513 895 3576 sed
927 3515 1025 3577 etiam
1057 3489 1239 3580 medioeres
1271 3517 1414 3582 scientias

260 3631 381 3696 habere
403 3632 666 3720 disciplinarum:
704 3639 795 3721 peto,
830 3629 969 3715 Caesar,
1003 3640 1036 3696 et
1057 3652 1077 3694 a
1099 3640 1133 3696 te
1154 3641 1187 3698 et
1208 3631 1331 3716 abhis,
1359 3638 1412 3720 qui

260 3769 334 3812 mea
354 3751 522 3817 volumina
544 3758 619 3814 sunt
640 3750 772 3833 lecturi,
799 3757 836 3812 ut
856 3751 885 3812 si
905 3748 985 3836 quid
1007 3772 1120 3837 parum
1143 3750 1186 3815 ad
1205 3751 1345 3837 regulam
1364 3776 1411 3818 ar·

260 3869 303 3931 tis
322 3869 554 3953 grammaticae
580 3868 680 3931 suerit
701 3866 917 3953 explicatum,
946 3871 1145 3954 ignoscatur.
1191 3870 1332 3957 Namque
1350 3894 1410 3937 non

230 3969 233 3978 ¹
261 3987 309 4048 uti
336 3977 478 4050 summus
506 3985 734 4074 philosophus,
770 4008 831 4051 nec
857 3985 967 4052 rhetor
994 3987 1153 4070 disertus,
1185 4010 1246 4053 nec
1264 4011 1407 4074 gramma-

218 4123 244 4182 ao
261 4104 345 4168 ticus
368 4103 502 4168 summis
529 4104 711 4168 rationibus
735 4105 815 4169 artis
843 4104 1040 4168 exercitatus
1047 4154 1056 4188 ,
1088 4105 1147 4170 sed
1166 4113 1203 4170 ut
1227 4107 1405 4172 architectus

260 4219 311 4282 his
333 4221 450 4286 litteris
472 4221 633 4304 imbutus,
661 4219 742 4286 haec
762 4224 855 4286 nisus
878 4245 949 4286 sum
976 4221 1129 4288 scribere.
1173 4223 1227 4288 De
1245 4225 1317 4290 artis
1333 4249 1402 4292 vero

260 4343 437 4421 potestate,
464 4359 612 4422 quaeque
633 4339 748 4402 insunt
764 4341 799 4403 in
822 4362 860 4404 ea
881 4341 1164 4425 ratiocinationes,
1185 4342 1342 4429 polliceor,
1358 4346 1401 4409 uti
1457 4353 1458 4368 ¹
