3008 5162
285 439 325 502 84
498 501 504 514 ,
789 450 946 498 vrruuvu

287 612 446 692 apparent
467 605 627 686 recentia,
654 605 702 666 uti
724 604 753 665 si
774 604 840 667 sint
862 604 958 669 modo
987 604 1085 668 facta.
1131 601 1206 667 Non
1227 601 1338 664 minus
1363 601 1451 662 etiam

287 722 375 787 fabri
398 722 526 802 aerarii,
547 721 586 784 de
608 719 659 783 his
672 719 868 806 «lapidicinis
890 723 925 785 in
947 721 1032 786 aeris
1055 720 1174 784 flatura
1193 720 1307 784 formis
1333 739 1452 803 compa·

287 843 385 923 ratis,
418 840 541 903 habent
567 862 609 902 ex
637 838 688 901 his
716 837 759 900 ad
784 861 839 901 aes
867 839 1072 904 fundendum
1101 839 1263 902 maximas
1286 838 1452 900 utilitates.

288 960 382 1039 Quae
403 959 430 1020 si
452 980 552 1043 prope
569 957 691 1020 Urbem
708 965 827 1037 essent,
848 956 984 1040 dignum
1004 966 1102 1041 esset,
1126 967 1162 1020 ut
1184 979 1227 1020 ex
1246 958 1299 1022 his
1318 956 1453 1020 officinis
1490 1037 1491 1058 Χ

259 1078 397 1140 somnia
418 1098 517 1162 opera
537 1075 782 1163 perficeruntur.

375 1316 404 1374 5.
429 1309 513 1377 Qum
536 1332 614 1395 ergo
635 1319 768 1395 propter
786 1310 1063 1397 propinquitatem
1090 1311 1271 1373 necessitas
1300 1317 1400 1395 cogat
1420 1329 1454 1370 ex

289 1429 410 1494 Rubris
433 1428 619 1514 lapidicinis
647 1436 680 1491 et
707 1427 929 1492 Palliensibus
961 1437 993 1491 et
1022 1449 1105 1514 quae
1137 1437 1213 1492 sunt
1239 1428 1324 1492 Urbi
1353 1427 1453 1514 proxi·

289 1569 360 1610 mae
384 1547 487 1634 copiis
509 1546 583 1629 uti„
602 1547 628 1608 si
659 1545 715 1630 qui
743 1545 885 1608 voluerit
909 1545 980 1609 sine
1003 1548 1095 1610 vitiis
1123 1545 1298 1632 perficere,
1327 1548 1376 1610 ita
1403 1545 1454 1606 erit

289 1665 561 1752 praeparandum.
608 1663 691 1726 Cum
719 1662 959 1727 aedificandum
982 1661 1097 1746 fuerit,
1131 1673 1207 1729 ante
1228 1665 1402 1729 biennium
1424 1682 1455 1722 ca
1491 1647 1492 1736 i

249 1806 273 1845 10
291 1803 374 1846 saxa
395 1805 461 1845 non
477 1781 583 1844 hieme
606 1780 664 1843 sed
684 1789 809 1844 aestate
827 1783 1023 1863 eximantur,
1047 1791 1078 1844 et
1093 1784 1234 1847 iacentia
1247 1786 1455 1867 permaneant

290 1901 325 1960 in
350 1897 431 1961 locis
458 1897 661 1983 patentibus;
691 1920 775 1983 quae
805 1906 914 1962 autem
943 1920 980 1962 eo
1008 1899 1141 1964 biennio
1163 1922 1183 1962 a
1210 1899 1453 1986 tempestatibus

290 2025 378 2080 taeta
397 2011 494 2078 ¹laesa
520 2015 658 2097 fuerint,
692 2038 730 2078 ea
758 2018 793 2079 in
831 2016 1045 2080 fundamenta
1075 2018 1308 2100 coniiciuntur3
1343 2025 1454 2092 cetera,

291 2155 373 2219 quae
395 2142 574 2197 nonerunt
595 2133 727 2216 vitiata,
756 2134 798 2198 ab
824 2141 944 2198 natura
968 2157 1077 2197 rerum
1105 2135 1242 2219 probata
1263 2135 1385 2198 durare
1404 2154 1453 2218 po·
1492 2213 1493 2222 .

290 2260 400 2315 terunt
430 2273 529 2338 supra
550 2261 670 2315 terrain
701 2251 885 2315 aedificata.
930 2252 1000 2316 Nec
1029 2254 1132 2317 solum
1159 2275 1198 2316 ea
1225 2255 1261 2317 in
1289 2251 1452 2340 quadratis

249 2390 273 2429 15
291 2369 456 2458 lapidibus
485 2380 561 2434 sunt
590 2369 812 2452 observanda,
845 2370 903 2433 sed
936 2373 1035 2433 etiam
1061 2371 1097 2433 in
1122 2372 1345 2434 caementiciis
1381 2377 1453 2433 stru-

290 2492 400 2554 eturis.

713 2727 739 2791 O
754 2727 786 2790 A
798 2728 824 2790 P
837 2727 868 2791 U
882 2725 911 2788 Τ
946 2725 1040 2789 VIII.

379 2966 407 3024 1.
432 2962 514 3047 (31.)
538 2960 779 3024 Structurarum
800 2982 922 3044 genera
944 2970 1019 3024 sunt
1041 2961 1137 3024 haec:
1160 2960 1382 3043 reticulatum,
1399 2977 1453 3044 quo

292 3101 378 3142 nunc
401 3100 511 3142 omnes
529 3087 673 3161 utuntur,
690 3088 722 3142 et
741 3080 921 3165 antiquum,
942 3079 1028 3165 quod
1047 3080 1208 3143 incertum
1232 3078 1363 3141 dicitur.
1408 3076 1454 3139 Ex

247 3216 273 3254 ao
291 3194 342 3258 his
371 3197 540 3261 venustius
570 3205 620 3259 est
648 3195 871 3278 reticulatum3
901 3197 958 3260 sed
986 3196 1028 3260 ad
1055 3199 1154 3260 rimas
1184 3195 1355 3260 faciendas
1390 3194 1454 3258 ideo

290 3324 457 3400 paratum,
490 3315 576 3401 quod
606 3317 640 3378 in
674 3336 784 3377 omnes
815 3324 924 3401 partes
957 3315 1115 3380 dissoluta
1148 3314 1249 3379 habet
1280 3314 1403 3378 cubilia
1428 3319 1455 3373 et

291 3442 493 3518 coagmenta.
537 3433 669 3496 Incerta
696 3455 775 3497 vero
798 3444 982 3516 caementa,
1010 3435 1075 3497 alia
1100 3455 1197 3519 super
1224 3433 1290 3496 alia
1312 3432 1453 3496 sedentia

292 3553 378 3614 inter
407 3571 506 3636 seque
532 3550 722 3633 imbricata,
756 3573 822 3615 non
854 3554 1035 3638 speciosam
1065 3551 1123 3614 sed
1155 3551 1333 3616 firmiorem
1365 3571 1454 3636 quam

292 3668 465 3732 reticulata
485 3675 652 3752 praestant
680 3677 886 3734 structuram.
932 3673 960 3735 2.
988 3670 1136 3755 Utraque
1161 3675 1270 3732 autem
1293 3691 1337 3732 ex
1360 3671 1454 3734 minu·

248 3806 275 3846 as
292 3788 427 3851 tissimis
454 3794 530 3850 sunt
553 3786 759 3868 instruenda,
785 3788 833 3850 uti
854 3788 990 3852 materia
1017 3809 1059 3850 ex
1082 3785 1170 3850 calce
1196 3795 1228 3850 et
1249 3786 1376 3850 harena
1395 3806 1455 3850 ere·

292 3905 395 3998 briter
414 3907 557 3990 parietes
573 3906 682 3967 satiati
703 3905 825 3968 diutius
846 3907 1083 3969 contineantur.
1127 3903 1220 3967 Molli
1236 3905 1322 3966 enim
1340 3913 1373 3967 et
1389 3921 1454 3968 rara

292 4029 453 4107 potestate
472 4044 546 4085 cum
564 4022 639 4103 sint,
662 4023 830 4086 exsiccant
852 4023 997 4107 sugendo
1016 4045 1033 4085 e
1054 4024 1194 4085 materia
1213 4044 1365 4105 succum3
1389 4041 1453 4086 cmn

294 4148 402 4203 autem
422 4141 583 4225 superarit
607 4147 639 4201 et
659 4139 836 4203 abundarit
866 4143 959 4226 copia
979 4139 1079 4202 calcis
1102 4148 1135 4202 et
1151 4139 1318 4232 harenae,
1350 4141 1453 4225 paries

294 4258 365 4343 plus
388 4257 513 4321 habens
534 4256 695 4338 humoris,
718 4280 784 4321 non
806 4259 870 4321 cito
889 4258 945 4322 fiet
968 4256 1144 4339 evanidus,
1169 4255 1227 4320 sed
1246 4255 1288 4320 ab
1310 4254 1363 4318 his
1386 4279 1452 4320 con·

250 4394 275 4434 ao
292 4374 423 4438 tinctus.
469 4371 572 4437 Simul
589 4380 697 4434 autem
718 4373 852 4436 humida
872 4384 1016 4459 potestas
1039 4395 1057 4436 e
1075 4374 1216 4436 materia
1239 4393 1296 4457 por
1312 4393 1453 4436 caemen-
