3008 5162
537 85 542 92 ι

468 149 484 170 Ἰ

86 341 315 633 ss
782 450 938 498 VITRUVII

79 633 84 640 ·
273 605 431 670 locantur.
475 604 631 668 Latericii
654 624 742 684 vero,
764 603 829 666 nisi
851 603 1018 689 diplinthii
1040 613 1096 668 aut
1114 605 1290 692 triplinthii
1309 606 1426 686 fuerim,

274 721 495 808 sesquipedali
528 720 746 784 crassitudine
778 744 843 786 non
877 730 1015 808 possunt
1044 723 1118 808 plus
1150 745 1249 786 unam
1282 726 1427 787 sustinere

274 841 561 924 contignationem.
606 838 647 902 In
672 859 710 900 ea
731 845 840 901 autem
869 838 1040 902 maiestate
1063 839 1163 904 Urbis
1190 850 1222 905 et
1249 843 1367 905 civium
1387 843 1427 903 in-

276 960 368 1023 finita
402 958 586 1045 frequentia
615 955 871 1020 innumerabiles
900 956 1117 1022 habitationes
1146 981 1228 1045 opus
1257 967 1308 1022 est
1337 958 1426 1045 expli-

243 1099 361 1141 scare.
407 1077 496 1160 Ergo
531 1098 603 1138 cum
635 1077 781 1160 recipere
811 1097 876 1139 non
906 1084 1016 1161 posset
1045 1099 1121 1140 area
1152 1075 1286 1163 planata
1316 1085 1427 1139 tantam

274 1195 515 1260 multitudinem
536 1193 579 1257 ad
600 1193 815 1258 habitandum
837 1193 872 1256 in
889 1193 990 1276 Urbe,
1013 1195 1053 1258 ad
1078 1195 1235 1258 auxilium
1255 1195 1428 1258 altitudinis

275 1313 497 1378 aedificiorum
519 1335 571 1377 res
594 1314 667 1399 ipsa
689 1314 798 1396 coegit
824 1312 991 1377 devenire.
1035 1312 1150 1399 Itaque
1179 1312 1256 1400 pilis
1288 1312 1428 1398 lapideis,

275 1434 446 1499 structuris
469 1432 630 1514 testaceis,
649 1429 828 1516 parietibus
852 1432 1071 1494 caementiciis
1093 1431 1284 1496 altitudines
1314 1439 1430 1495 exstru-

233 1701 258 1743 ιο
277 1693 420 1736 summas
448 1668 606 1733 utilitates
636 1669 809 1756 perficiunt
842 1668 1089 1755 disputationes.
1149 1667 1239 1752 Ergo
1267 1667 1430 1731 moenibus

276 1562 346 1618 ctae
375 1563 407 1616 et
443 1550 742 1634 contignationibus
777 1550 900 1613 cr'ebris
931 1557 1087 1613 coaxatae
1116 1549 1369 1614 coenaculorum
1396 1547 1430 1610 ad

276 1812 294 1853 e
324 1787 624 1873 contignationibus
656 1789 757 1850 variis
787 1788 852 1851 alto
888 1787 991 1874 spatio
1025 1785 1266 1872 multiplicatis,
1300 1785 1431 1872 populus
1488 1853 1489 1860 ἵ

277 1892 443 1969 Romanus
467 1905 615 1987 egregias
636 1904 735 1968 habet
756 1908 826 1970 sine
845 1906 1054 1991 impeditione
1075 1904 1309 1969 habitationes.

364 2194 412 2255 18.
437 2188 600 2272 Quoniam
623 2215 701 2277 ergo
725 2192 888 2278 explicata
915 2193 997 2257 ratio
1028 2201 1091 2274 est,
1115 2191 1195 2278 quid
1219 2194 1267 2255 ita
1295 2193 1330 2256 in
1352 2189 1431 2255 Urbe

276 2319 409 2397 propter
423 2312 651 2376 necessitatem
666 2311 838 2393 angustiae
852 2332 1002 2375 arearum
1022 2332 1088 2374 non
1109 2312 1279 2396 patiuntur
1299 2333 1372 2374 esse
1392 2309 1430 2372 la-

234 2457 259 2498 15
275 2431 407 2494 tericios
428 2431 585 2514 parietes3
621 2429 699 2491 cum‘
722 2437 817 2491 extra
843 2428 966 2492 Urbem
997 2450 1078 2513 opus
1105 2430 1168 2491 erit
1192 2427 1244 2492 his
1271 2430 1337 2511 uti,
1369 2430 1431 2490 sinc

275 2551 366 2616 vitiis
395 2548 438 2611 ad
466 2555 661 2612 vetustatem
691 2550 739 2610 sic
768 2547 830 2610 erit
852 2546 1047 2610 faciendum.
1093 2546 1235 2610 Summis
1261 2547 1431 2632 parietibus
1491 2584 1492 2642 3

276 2674 439 2729 structura
458 2671 602 2726 testacea
625 2663 686 2727 sub
702 2663 815 2748 tegula
828 2664 1019 2728 subiiciatur
1034 2664 1209 2728 altitudine
1225 2664 1357 2726 circiter
1375 2683 1431 2726 ses-

275 2781 460 2868 quipedali,
494 2780 676 2868 habeatque
704 2783 906 2868 proiecturas
934 2804 1145 2864 coronarum,
1177 2783 1224 2844 ita
1258 2781 1356 2844 vitari
1383 2800 1432 2864 po·

185 2959 187 2964 ,
274 2905 384 2960 terunt
414 2919 497 2982 quae
534 2897 637 2962 solent
665 2901 713 2986 in,
731 2900 783 2964 his
814 2902 894 2964 vitia
924 2901 1005 2964 fieri.
1056 2901 1139 2964 Cum
1172 2899 1259 2963 enim
1291 2900 1327 2962 in
1354 2905 1431 2962 tecto

233 3043 260 3082 ro
274 3014 404 3099 tegulae
429 3015 553 3080 fuerint
579 3018 704 3082 fractae
733 3028 790 3082 aut
813 3042 833 3084 a
855 3019 963 3082 ventis
987 3018 1146 3100 deiectae,
1176 3039 1240 3102 qua
1269 3018 1374 3103 possit
1397 3036 1433 3078 ex

275 3132 435 3198 imbribus
462 3157 548 3221 aqua
574 3137 762 3222 perpluere,
792 3159 858 3202 non
886 3138 1029 3223 patietur
1051 3135 1152 3199 lorica
1179 3142 1325 3200 testacea
1352 3133 1433 3199 laedi

275 3252 425 3334 laterem,
461 3253 519 3317 sed
546 3255 731 3339 proiectura
762 3275 954 3318 coronarum
986 3254 1113 3317 reiiciet
1145 3262 1239 3318 extra
1266 3251 1432 3339 perpendi-

275 3371 385 3434 culum
408 3370 527 3454 stillas,
554 3381 586 3435 et
607 3393 646 3434 ea
667 3371 793 3434 ratione
816 3355 962 3434 servabit
980 3370 1126 3453 integras
1148 3371 1310 3456 parietum
1332 3367 1433 3432 lateri·

275 3486 398 3553 ciorm'n
418 3497 607 3553 structuras.

232 3824 258 3864 2⁶
362 3797 410 3857 19.
435 3793 517 3883 (44.)
540 3791 593 3856 De
616 3794 688 3878 ipsa
709 3802 818 3856 autem
840 3801 925 3857 testa
955 3792 982 3854 si
1014 3793 1057 3855 sit
1086 3795 1207 3880 optima
1236 3815 1295 3857 seu
1321 3793 1432 3858 vitiosa

275 3909 318 3974 ad
342 3918 551 3993 structuram,
576 3911 685 3975 statim
709 3933 804 3974 nemo
825 3918 933 3996 potest
954 3909 1111 3993 iudicare,
1135 3911 1222 3997 quod
1244 3914 1280 3975 in
1301 3921 1432 3998 tempes-

274 4027 397 4092 tatibus
429 4037 462 4092 et
493 4038 631 4111 aestate,
658 4029 694 4091 in
721 4037 806 4093 tecto
833 4051 907 4092 cum
934 4036 982 4091 est
1010 4028 1184 4108 collocata,
1216 4037 1295 4092 tunc
1325 4032 1353 4092 si
1389 4035 1431 4090 est

275 4145 379 4227 firma,
402 4147 569 4232 probatur.
615 4145 762 4232 Namque
786 4168 869 4233 quae
890 4168 955 4210 non
978 4145 1078 4209 fuerit
1105 4168 1147 4208 ex
1166 4154 1255 4210 creta
1274 4149 1362 4211 bona
1382 4151 1432 4207 aut

193 4352 197 4360 Ι
274 4284 389 4347 parum
419 4265 481 4327 erit
508 4271 616 4343 cocta,
645 4263 692 4327 ibi
723 4286 757 4326 se
785 4263 928 4328 ostendit
951 4285 1022 4328 esse
1045 4263 1200 4328 vitiosam
1222 4263 1385 4348 gelicidiis
1404 4267 1432 4322 et

233 4407 259 4449 ao
274 4381 394 4466 pruina
414 4388 512 4444 tacta.
556 4379 646 4463 Ergo
668 4403 751 4465 quae
778 4403 844 4446 non
871 4381 906 4444 in
931 4381 1026 4444 tectis
1052 4380 1172 4464 poterit
1193 4380 1263 4463 pati
1285 4379 1431 4454 laborem,
