3006 5170
258 417 298 478 32
699 492 702 502 Ι
757 431 916 478 vmucvn

257 592 291 648 et
309 583 447 671 pabulo,
474 585 521 650 ibi
544 583 787 649 constituebant
806 584 1019 667 munitiones3
1053 585 1081 646 si
1102 592 1212 648 autem
1233 585 1364 650 vitiosa
1392 586 1472 648 in-

257 704 451 787 veniebant,
484 702 606 768 iudioio
628 701 887 786 transferebant,
908 703 985 765 item
1006 704 1041 765 in
1062 701 1214 766 humanis
1233 702 1466 790 corporibus

255 821 461 908 pestilentem
488 825 631 886 futuram
652 829 841 885 nascentem
864 822 899 884 in
920 819 970 884 his
992 821 1072 886 loeis
1095 843 1198 908 aquae
1221 821 1360 906 cibique
1386 843 1464 884 co-

256 943 361 1028 piam,
397 951 429 1006 et
457 944 504 1006 ita
525 939 819 1025 transmigrabant,
849 949 881 1004 et
904 940 1075 1005 mutabant
1096 940 1245 1025 regiones
1268 963 1460 1026 quaeren-

156 1129 162 1144 ‚
226 1068 305 1125 stes
328 1061 477 1126 omnibus
500 1061 597 1126 rebus
619 1058 853 1123 salubritatem.
1215 1053 1217 1057 ’

343 1302 392 1364 10.
417 1297 498 1384 (37.)
519 1296 592 1362 Hoo
606 1305 714 1386 autem
727 1295 814 1380 fieri,
833 1297 882 1360 uti
894 1293 1014 1382 pabulo
1033 1293 1170 1381 ciboque
1186 1295 1336 1360 salubres
1354 1319 1446 1383 pro-

169 1408 176 1433 ⁷
254 1418 409 1504 prietates
434 1424 541 1486 terrae
567 1417 756 1497 videantur,
793 1414 870 1482 licet
893 1413 1153 1480 animadvertere
1171 1422 1203 1478 et
1226 1435 1444 1499 cognoscere

255 1558 298 1599 ex
319 1535 407 1622 agris
430 1533 652 1618 Cretensium,
675 1534 732 1622 qui
755 1543 831 1598 sunt
853 1536 940 1600 circa
961 1534 1156 1598 Pothereum
1176 1533 1314 1618 flumen,
1338 1534 1443 1620 quod

221 1651 223 1657 ’
255 1661 305 1718 est
328 1652 444 1717 Cretae
465 1653 551 1717 inter
574 1652 655 1716 duas
678 1654 828 1717 civitates
854 1652 990 1717 Gnoson
1020 1661 1052 1717 et
1074 1652 1273 1740 Gortynam3
1307 1652 1442 1717 dextra

211 1796 237 1837 ro
255 1773 342 1836 enim
371 1780 402 1836 et
431 1772 565 1835 sinistra
586 1772 656 1834 eius
678 1771 822 1834 fluminis
846 1780 1025 1856 pascuntur
1048 1793 1183 1859 pecora,
1217 1771 1274 1836 sed
1295 1795 1340 1836 ex
1364 1771 1440 1854 his,

255 1913 340 1979 quae
356 1898 536 1978 pascuntur
552 1889 701 1975 proxime
724 1869 873 1972 Gnoson,
908 1888 1054 1977 splenem
1081 1889 1221 1974 habent;
1255 1910 1339 1976 quae
1370 1910 1440 1951 au-

254 2017 320 2073 tem
343 2031 386 2074 ex
415 2008 518 2074 altera
543 2017 636 2096 parte
664 2009 812 2096 proxime
841 2008 1039 2094 Gortynam,
1072 2031 1138 2073 non
1169 2008 1291 2073 habent
1322 2029 1441 2094 appa-

253 2136 380 2192 rentem
411 2126 566 2215 splenem.
617 2127 714 2191 Unde
747 2129 846 2191 etiam
879 2125 998 2190 medici
1027 2135 1220 2213 quaerentes
1250 2125 1290 2190 de
1319 2147 1359 2190 ea
1391 2148 1438 2190 re

254 2246 451 2328 invenerunt
478 2247 513 2310 in
539 2244 590 2310 his
620 2244 700 2309 locis
729 2245 880 2330 herbam,
916 2266 1013 2331 quam
1041 2267 1160 2332 pecora
1188 2243 1333 2309 rodendo
1363 2245 1435 2308 im-

212 2383 236 2423 15
254 2365 438 2428 minuerant
466 2364 585 2449 lienes3
620 2366 667 2429 ita
689 2387 759 2428 eam
779 2364 914 2430 herbam
937 2363 1120 2449 colligendo
1143 2371 1258 2427 curant
1279 2361 1432 2426 lienosos

253 2481 314 2546 hoe
341 2483 592 2567 medicamento,
628 2484 715 2570 quod
742 2485 839 2548 etiam
863 2481 1036 2547 Cretenses
1062 2474 1236 2565 dcutqvov
1262 2483 1431 2548 vocitant.

252 2600 307 2666 Ex
329 2624 366 2666 eo
388 2602 465 2666 lieet
482 2603 580 2687 scire,
604 2604 677 2669 cibo
700 2611 797 2688 atque
817 2588 903 2687 aqua
924 2602 1138 2688 proprietates
1161 2600 1304 2667 locorum
1326 2612 1429 2666 natu-

252 2719 365 2784 raliter
382 2719 572 2806 pestilentes
592 2730 649 2786 aut
670 2721 816 2786 salubres
840 2741 921 2784 esse.

340 2962 389 3024 11.
408 2959 490 3045 (38.)
524 2958 608 3023 Item
636 2960 666 3022 si
693 2960 729 3023 in
750 2957 927 3046 paludibus
957 2959 1085 3023 moenia
1111 2961 1288 3025 constituta
1312 2972 1423 3044 erunt,

209 3098 235 3138 ro
253 3099 337 3164 quae
349 3075 486 3164 paludes
502 3067 681 3142 secundum
692 3100 782 3143 mare
798 3076 936 3160 suerint,
951 3077 1210 3165 spectabuntque
1230 3079 1272 3143 ad
1290 3087 1424 3165 septen-

250 3198 390 3261 trionem
414 3206 471 3262 aut
497 3198 582 3261 inter
603 3198 857 3284 septentrionem
880 3204 912 3259 et
932 3196 1106 3280 orientem,
1136 3217 1259 3284 eaeque
1281 3197 1421 3283 paludes

251 3315 447 3380 excelsiores
480 3314 602 3379 fuerint
624 3337 721 3404 quam
742 3316 833 3380 littus
858 3316 1035 3400 marinum,
1068 3316 1195 3380 ratione
1217 3315 1420 3382 videbuntur
1486 3333 1487 3386 ξ

251 3454 322 3496 esse
346 3435 531 3499 constituta.
575 3433 687 3497 Fossis
715 3436 802 3498 enim
830 3434 937 3499 ductis
965 3433 1002 3497 fit
1027 3455 1132 3520 aquae
1161 3435 1269 3498 exitus
1301 3435 1342 3498 ed
1360 3433 1416 3500 lit·
1486 3445 1487 3518 l

250 3561 320 3636 tus,
353 3553 489 3616 otmari
512 3554 760 3639 tempestatibus
782 3562 879 3618 aucto
901 3552 936 3616 in
952 3551 1088 3639 paludes
1110 3553 1329 3618 redundantia
1347 3577 1414 3618 mo-

204 3696 230 3737 25
250 3669 395 3734 tionibus
417 3671 613 3754 concitatur,
640 3675 808 3758 amarique
831 3669 1045 3734 mixtionibus
1068 3692 1133 3735 non
1154 3673 1278 3757 patitur
1297 3671 1413 3738 bestia·

249 3811 321 3853 rum
345 3790 540 3876 palustrium
568 3813 690 3876 genera
723 3790 770 3855 ibi
803 3791 911 3872 nasci3
945 3809 1093 3874 quaeque
1125 3787 1166 3852 de
1193 3789 1410 3876 superioribus

248 3905 329 3971 locis
358 3909 501 3973 natando
528 3895 677 3996 proxime
709 3908 801 3971 littus
829 3909 1044 3995 perveniunt,
1075 3908 1270 3971 inconsueta
1288 3907 1410 3972 salsitu-

203 4094 208 4105 ,
250 4026 326 4090 dine
353 4035 522 4092 necantur.
567 4027 746 4114 Exemplar
770 4035 879 4090 autem
905 4024 1000 4089 huius
1027 4026 1075 4090 rei
1104 4025 1252 4090 Gallicae
1279 4025 1408 4113 paludes

247 4153 383 4240 possunt
402 4168 489 4228 esse,
526 4168 610 4232 quae
641 4147 763 4212 circum
783 4145 949 4227 Altinum,
983 4144 1192 4228 Ravennam,
1227 4143 1408 4233 Aquileiam

208 4283 236 4323 ao
249 4261 396 4348 aliaque,
424 4285 506 4351 quae
533 4264 569 4327 in
592 4264 754 4329 eiusmodi
776 4265 856 4329 locis
882 4265 1060 4350 municipia
1087 4273 1163 4328 sunt
1184 4264 1334 4350 proxima
1352 4286 1407 4350 pe-

248 4377 396 4463 ludibus,
430 4381 518 4468 quod
541 4381 592 4445 his
619 4382 801 4447 rationibus
828 4381 949 4447 habent
982 4382 1209 4448 incredibilem
1241 4381 1404 4447 salubrita-
