3028 5164
274 441 334 500 174
775 452 933 499 vrrnuvn

270 625 381 668 crassa
404 625 447 667 ex
474 602 612 666 dimidia
632 602 766 668 moduli.
813 604 894 692 (29.)
924 605 1135 670 Dividendae
1164 616 1275 672 autem
1302 617 1389 672 sunt
1417 609 1452 672 in
1499 607 1500 684 l

271 743 390 786 corona
411 721 477 783 ima
499 721 541 783 ad
563 719 833 806 perpendiculum
861 723 1103 810 triglyphorum
1134 734 1167 789 et
1192 727 1318 790 medias
1346 736 1453 791 meto·
1499 753 1500 796 3

270 863 328 927 pas
358 841 485 904 viarum
517 839 713 904 directiones
746 847 780 902 et
808 847 985 923 guttarum.
1008 841 1276 928 distributiones,
1312 847 1367 909 ita
1402 848 1452 909 uti
1499 883 1500 922 ;

270 968 382 1043 guttae
404 981 464 1023 sex
485 961 520 1022 in
540 958 796 1043 longitudinem,
822 967 888 1022 tres
912 959 948 1022 in
968 957 1174 1022 latitudinem
1196 969 1350 1046 pateant3
1376 963 1452 1026 reli·
1499 933 1500 1016 l

240 1099 335 1163 aqua
357 1078 477 1163 spatia,
501 1075 588 1162 quod
611 1075 744 1139 latiores
767 1084 842 1139 sunt
864 1084 1013 1163 metopae
1037 1099 1133 1163 quam
1155 1079 1334 1166 triglyphi,
1366 1103 1452 1167 pura
1499 1107 1500 1172 ᾗ

269 1196 511 1282 relinquantur,
542 1204 599 1258 aut
626 1193 762 1257 flumina
792 1193 996 1280 scalpantur3
1023 1195 1066 1258 ad
1094 1197 1267 1282 ipsumque
1296 1207 1452 1261 mentum
1499 1269 1500 1278 χ

271 1335 408 1380 coronae
436 1311 600 1376 incidatur
631 1312 734 1397 linea,
763 1334 847 1400 quae
878 1314 981 1377 scotia
1007 1312 1138 1377 dicitur.
1190 1316 1272 1400 (30.)
1301 1315 1453 1404 Reliqua
1499 1323 1500 1328 ’

271 1432 397 1514 omnia,
420 1441 592 1518 tympana,
617 1432 733 1511 simae,
756 1452 913 1512 coronae,
937 1431 1210 1518 quemadmodum
1236 1455 1338 1520 supra
1370 1436 1452 1498 scri—

270 1559 361 1636 ptum
383 1549 486 1614 estin
507 1549 645 1630 Ionicis,
669 1549 715 1611 ita
736 1549 960 1634 perficiantur.

231 1812 255 1852 10
357 1791 386 1848 7.
412 1785 494 1871 (31.)
521 1783 614 1848 Haec
641 1786 724 1849 ratio
747 1786 782 1848 in
808 1786 962 1871 operibus
993 1786 1143 1872 diastylis
1165 1789 1227 1851 crit
1251 1787 1450 1852 constituta.

272 1901 306 1965 Si
339 1923 417 1965 vero
451 1901 601 1987 systylon
633 1912 665 1965 et
698 1901 986 1990 monotriglyphon
1022 1926 1103 1990 opus
1141 1907 1203 1968 erit
1240 1905 1448 1984 faciendum,
1499 1927 1500 1934 ¹

270 2019 361 2082 frons
383 2017 492 2101 aedis,
516 2019 543 2081 si
564 2020 753 2104 tetrastylos
778 2021 856 2103 erit,
880 2021 1046 2086 dividatur
1069 2025 1103 2087 in
1123 2033 1231 2110 partes
1252 2022 1396 2086 XVIIII
1415 2023 1449 2104 S,

269 2139 298 2200 si
327 2135 515 2222 hexastylos
545 2137 621 2218 erit,
655 2137 821 2201 dividatur
855 2139 888 2202 in
916 2147 1025 2224 partes
1056 2141 1228 2204 XXVIIII
1248 2140 1285 2225 83
1314 2163 1360 2206 ex
1393 2143 1447 2206 his

269 2277 345 2343 pars
379 2277 445 2318 una
473 2257 534 2318 erit
563 2249 729 2337 modulus,
767 2255 810 2318 ad
840 2278 956 2342 quem,
988 2260 1042 2323 uti'
1065 2281 1164 2346 supra
1196 2262 1355 2346 scriptum
1385 2269 1446 2342 est,

231 2399 254 2440 15
270 2397 369 2462 opera
393 2374 592 2438 dividantur.
638 2374 719 2461 (32.)
743 2374 796 2438 Ita
814 2379 921 2461 'supra
949 2378 1081 2462 singula
1109 2379 1263 2464 epistylia
1285 2388 1317 2442 et
1339 2388 1446 2446 meto·

269 2515 332 2581 pae
364 2503 396 2558 et
425 2493 585 2580 triglyphi
612 2492 683 2557 bini
714 2503 808 2562 erunt
834 2494 1032 2576 collocandi3
1069 2498 1103 2558 in
1135 2496 1348 2582 angularibus
1380 2497 1443 2560 hoc

270 2612 408 2699 amplius
440 2611 644 2693 dimidiatus,
680 2621 711 2675 et
739 2620 897 2697 quantum
928 2621 978 2676 est
1011 2616 1152 2701 spatium
1181 2614 1444 2702 hemitriglyphi‚

270 2730 305 2793 id
327 2730 469 2811 accedit,
493 2730 528 2793 in
553 2731 703 2795 mediano
731 2739 845 2795 contra
873 2731 1043 2816 fastigium
1070 2734 1167 2796 trium
1196 2732 1443 2818 triglyphorum

271 2856 303 2910 et
334 2848 434 2910 trium
465 2854 667 2934 metoparum
701 2851 841 2935 spatium
878 2849 1030 2934 distabit,
1067 2873 1131 2937 quo
1164 2851 1262 2915 latius
1295 2850 1443 2914 medium

227 2989 254 3030 no
271 2964 557 3028 intercolumnium
586 2966 817 3032 accedentibus
846 2967 889 3031 ad
918 2968 1033 3032 aedem
1061 2968 1182 3033 habeat
1215 2967 1443 3032 laxamentum
1499 3043 1500 3050 ἵ

272 3091 304 3146 et
327 3063 486 3147 adversus
507 3083 680 3148 simulacra
703 3085 835 3150 deorum
855 3095 1007 3174 aspectus
1031 3085 1233 3170 dignitatem.
1316 3079 1319 3086 '

356 3326 386 3386 9.
412 3321 588 3386 Columnas
619 3330 727 3386 autem
754 3323 864 3384 striari
887 3321 956 3384 XX
980 3319 1068 3384 striis
1100 3329 1241 3406 oportet3
1276 3343 1381 3408 quae,
1413 3323 1441 3385 si

270 3439 387 3526 planae
418 3448 526 3522 erunt,
560 3438 698 3524 angulos
732 3440 873 3503 habeant
902 3437 971 3500 XX
1005 3438 1211 3523 designatos3
1245 3435 1439 3504 sinautem

271 3558 533 3639 cremabuntur,
563 3559 610 3621 sic
633 3564 682 3620 est
703 3557 807 3620 forma
828 3554 996 3638 facienda,
1018 3558 1067 3620 uti
1090 3577 1187 3642 quam
1209 3579 1367 3640 magnum
1391 3567 1439 3622 cst

228 3701 254 3740 25
270 3675 480 3739 intervallum
510 3677 623 3758 striae,
655 3684 723 3738 tam
751 3673 878 3758 magnis
909 3675 1085 3738 striaturae
1113 3676 1247 3760 paribus
1277 3675 1438 3742 lateribus

271 3793 464 3880 quadratum
487 3791 708 3873 describatur3
730 3791 765 3852 in
784 3790 891 3855 medio
917 3799 1026 3855 autem
1049 3791 1209 3879 quadrato
1231 3793 1347 3856 circini
1365 3817 1439 3858 cen·

269 3919 356 3974 trum
379 3910 569 3991 collocetur,
598 3916 629 3971 et
654 3917 772 3993 agatur
797 3908 885 3972 linea
907 3911 1161 3992 rotundationis,
1192 3932 1274 3996 quac
1297 3912 1438 3998 quadra-

269 4029 368 4093 tionis
389 4028 527 4112 angulos
550 4035 679 4111 tangat;
703 4037 735 4090 ct
754 4035 910 4112 quantum
933 4029 995 4092 erit
1010 4035 1204 4092 curvaturae
1225 4028 1311 4090 inter
1326 4037 1439 4093 rotun-

271 4147 435 4211 dationem
470 4153 502 4209 et
533 4145 723 4231 quadratam
762 4145 1029 4232 descriptionem,
1062 4155 1191 4209 tantum
1223 4146 1266 4209 ad
1298 4146 1438 4212 formam

228 4283 254 4326 so
271 4272 481 4330 excaventur.
527 4263 579 4327 Ita
599 4264 723 4328 Dorica
745 4263 896 4326 columna
918 4265 969 4327 sui
990 4265 1120 4348 generis
1143 4264 1316 4327 striaturae
1339 4264 1438 4330 habe·

271 4380 321 4445 bit
349 4381 592 4464 perfectionem.
641 4384 689 4445 10.
713 4381 793 4466 (34.)
826 4380 878 4444 De
901 4381 1085 4446 adiectione
1113 4384 1184 4448 eius
1191 4429 1201 4464 ‚
1231 4403 1295 4468 qua
1327 4385 1439 4449 media
