3028 5164
254 392 314 453 198
465 391 467 398 ’
755 395 914 442 virnuvn

341 559 369 616 t.
393 553 452 640 (8.)
477 553 595 617 Graeci
616 553 650 614 in
673 548 833 636 quadrato
855 546 1067 633 amplissimis
1091 556 1124 611 ct
1146 545 1343 633 duplicibus
1369 566 1466 629 por-

253 673 373 737 ticibus
402 670 475 734 fora
498 671 717 750 constituunt,
744 667 932 755 crebrisque
955 665 1115 728 columnis
1145 673 1177 728 et
1205 664 1359 750 lapideis
1390 669 1464 725 aut

254 790 443 855 marmoreis
467 787 630 874 epistyliis
652 785 828 868 adornant,
855 793 886 848 et
910 805 1008 870 supra
1030 781 1267 846 ambulationes
1290 783 1330 845 in
1361 803 1462 844 eon-

253 906 490 992 tignationibus
512 904 647 967 faciunt.

225 1048 237 1086 s
340 1023 457 1087 ltaliae
480 1043 559 1086 vero
581 1019 720 1086 urbibus
753 1042 819 1084 non
845 1019 960 1084 eadem
990 1026 1039 1083 est
1070 1020 1197 1082 ratione
1225 1016 1458 1098 faciendum,

256 1143 331 1214 ideo
364 1139 452 1226 quod
480 1161 500 1202 a
531 1137 710 1201 maioribus
744 1138 942 1202 consuetudo
972 1136 1095 1200 tradita
1126 1144 1194 1218 est,
1228 1135 1458 1220 gladiatoria

256 1279 393 1323 munera
414 1261 449 1322 in
470 1258 542 1322 foro
565 1257 646 1320 dari.
692 1257 721 1317 2.
745 1255 853 1342 Igitur
874 1256 996 1318 circum
1019 1253 1208 1340 spectacula
1230 1255 1456 1341 spatiosiora

257 1377 506 1472 intercolumnia
544 1375 800 1456 distribuantur,
834 1369 985 1458 circaque
1023 1373 1059 1434 in
1094 1371 1274 1458 porticibus
1310 1395 1455 1457 argen-

258 1497 361 1559 tariae
383 1495 554 1577 tabernae,
580 1495 818 1578 maenianaque
841 1489 1068 1584 superioribus¹
1090 1489 1343 1554 coaxationibus
1374 1489 1452 1554 col-

217 1631 242 1672 ιο
259 1613 421 1695 locentur,
454 1634 539 1697 quae
573 1620 605 1674 et
637 1610 680 1674 ad
709 1632 805 1674 usum
835 1619 867 1673 et
901 1607 943 1672 ad
975 1583 1152 1692 vectigalia
1177 1607 1309 1692 publica
1340 1615 1452 1672 recte

259 1737 354 1792 erunt
376 1728 554 1815 disposita.-

343 1845 589 1930 Magnitudines
622 1853 731 1908 autem
764 1843 807 1906 ad
836 1845 962 1928 copiam
991 1843 1158 1906 hominum
1187 1851 1314 1928 oportet
1347 1844 1448 1924 fieri,

259 1987 300 2028 nc
319 1984 457 2048 parvum
477 1964 619 2046 spatium
642 1964 684 2025 sit
704 1962 746 2025 ad
768 1983 881 2043 usum,
912 1970 969 2024 aut
996 1983 1037 2023 ne
1057 1969 1189 2046 propter
1207 1960 1352 2046 inopiam
1381 1983 1448 2046 po-

259 2078 328 2166 puli
349 2086 478 2142 vastum
498 2077 605 2169 ¹forum
627 2079 789 2143 videatur.
835 2077 895 2164 (9.)
918 2078 1073 2142 Latitudo
1094 2087 1203 2142 autem
1220 2079 1266 2140 ita
1283 2078 1444 2160 finiatur,

217 2219 243 2260 15
259 2198 309 2261 uti
330 2195 501 2282 longitudo
522 2196 557 2260 in
578 2204 644 2260 tres
665 2204 774 2283 partes
802 2218 876 2259 cum
905 2197 1013 2261 divisa
1046 2196 1163 2278 fuerit,
1195 2217 1237 2259 ex
1264 2196 1314 2259 bis
1347 2197 1445 2259 duae

258 2323 367 2401 partes
390 2315 420 2377 ei
440 2314 575 2396 dentur3
605 2315 652 2378 ita
681 2317 767 2378 enim
797 2315 858 2378 erit
887 2314 1028 2398 oblonga
1058 2314 1126 2378 eius
1155 2314 1307 2378 formatio
1331 2324 1365 2379 et
1393 2314 1442 2378 ad

261 2409 520 2518 spectaculorum
542 2435 700 2526 rationem
723 2433 813 2497 utilis
837 2433 1018 2519 dispositio.
1091 2514 1093 2518 .

346 2554 376 2613 3.
400 2541 487 2636 (10.)
506 2549 686 2614 Columbae
710 2553 893 2636 superiores
915 2559 1031 2637 quarta
1051 2559 1144 2636 parte
1166 2552 1308 2614 minores
1329 2573 1439 2636 quam

261 2668 433 2733 inferiores
459 2663 536 2731 sunt
557 2668 821 2751 constituendae,
849 2676 1023 2754 propterea
1050 2668 1138 2751 quod
1169 2668 1259 2732 oneri
1281 2667 1436 2747 ferendo,

218 2809 244 2849 ro
262 2805 345 2870 quae
377 2792 452 2846 sunt
481 2784 651 2867 inferiora,
685 2785 830 2850 firmiora
853 2786 973 2850 debent
999 2807 1087 2868 esse,
1117 2808 1214 2872 quam
1242 2787 1438 2873 superiora,

261 2923 327 2964 non
354 2901 462 2963 minus
492 2901 578 2986 quod
607 2903 705 2968 etiam
733 2905 937 2967 nascentium
961 2912 1097 2988 oportet·
1115 2900 1236 2966 imitari
1267 2912 1435 2987 naturam,

260 3019 356 3081 utin
384 3017 556 3082 arboribus
585 3021 760 3103 teretibus,
795 3021 918 3105 abiete,
948 3045 1118 3108 cupresso,
1144 3024 1241 3108 pinu,
1269 3024 1434 3109 equibus

260 3135 350 3200 nulla
371 3159 436 3200 non
459 3139 599 3201 crassior
623 3147 672 3202 est
690 3138 732 3201 ab
754 3140 940 3223 radicibus,
963 3140 1039 3203 dein
1059 3140 1277 3204 decrescendo
1298 3163 1435 3226 progre-

261 3254 349 3318 ditur
370 3256 404 3319 in
426 3253 648 3339 altitudinem,
678 3256 819 3321 naturali
841 3267 1047 3323 contractura
1069 3267 1268 3345 peraequata
1290 3280 1433 3322 nascens

218 3392 243 3432 15
261 3372 303 3436 ad
323 3395 489 3438 cacumen.
534 3375 625 3461 Ergo
650 3377 678 3439 si
701 3385 818 3440 natura
844 3377 1049 3440 nascentium
1076 3377 1122 3438 ita
1148 3376 1311 3463 postulat,
1341 3383 1432 3438 recte

262 3499 311 3554 est
334 3494 562 3573 constitutum,
595 3503 626 3557 et
654 3485 881 3560 altitudinibus
910 3503 942 3558 et
965 3493 1238 3558 crassitudinibus
1262 3495 1431 3579 superiora

261 3609 454 3674 inferiorum
475 3610 546 3684 fieri
570 3614 797 3676 contractiora.

706 3787 1043 3901 etruria·

346 3968 375 4028 4.
400 3963 481 4049 (11.)
503 3963 722 4029 Basilicarum
740 3965 813 4030 loca
831 3965 987 4030 adiuncta
1008 3952 1205 4052 foris'quam
1220 3965 1427 4030 calidissimis

218 4083 410 4167 apartibus
434 4089 558 4169 oportet
584 4082 752 4165 constitui,
765 4083 768 4088 ’
782 4091 819 4146 ut
837 4106 896 4169 per
915 4084 1054 4148 hiemem
1081 4085 1151 4147 sine
1180 4085 1331 4148 molestia
1353 4093 1428 4148 tem-

261 4208 424 4284 pestatum
453 4221 487 4262 se
516 4199 664 4262 conferre
691 4201 726 4262 in
752 4223 806 4264 eas
835 4205 1055 4286 negotiatores
1081 4203 1224 4287 possint3
1255 4224 1428 4287 earumque

263 4314 453 4379 latitudines
476 4338 517 4380 ne
539 4316 646 4379 minus
669 4337 766 4402 quam
789 4339 831 4380 ex
853 4319 966 4402 tertia,
995 4342 1037 4382 ne
1058 4319 1132 4405 plus
1153 4341 1251 4404 quam
1273 4341 1317 4384 ex
1340 4320 1427 4384 dimi-
