3008 5162
233 400 292 463 138
732 407 890 454 vrrruvu
976 407 978 410 ·

231 565 374 652 quinque
405 571 437 628 et
466 562 600 627 semisse
631 561 779 648 superior
809 559 992 625 crassitudo
1021 557 1193 626 columnae
1213 559 1288 640 fiatr
1322 560 1408 624 item

231 705 314 768 quae
343 682 406 745 crit
432 702 453 744 a
474 681 611 768 podibus
642 678 760 764 viginti
789 678 831 742 ad
857 678 957 764 podes
985 677 1138 762 triginta,
1169 699 1286 766 scapus
1315 680 1408 743 imus

233 799 398 864 dividatur
419 799 454 862 in
476 805 584 885 partes
608 804 748 884 septem,
772 818 947 883 earumque
971 819 1031 862 sex
1052 818 1179 860 summa
1193 803 1409 886 contractura

211 996 213 1000 .
231 917 435 1006 perficiatur3
458 937 541 1002 quae
564 923 672 978 autem
694 937 714 979 a
732 915 868 999 triginta
886 914 1025 999 pedibus
1043 912 1085 979 ad
1099 915 1320 1001 quadraginta
1336 913 1409 978 alta

201 1037 309 1119 serit,
332 1035 399 1098 ima
422 1032 589 1100 dividatur
612 1035 646 1097 in
666 1041 775 1119 partes
798 1039 923 1119 septem
950 1039 983 1096 et
1009 1030 1196 1115 dimidiam,
1228 1040 1260 1096 et
1284 1054 1327 1096 ex
1351 1032 1408 1096 his

232 1177 292 1219 sex
314 1163 346 1220 et
369 1153 536 1217 dimidiam
556 1152 590 1214 in
613 1171 737 1214 summo
760 1149 879 1215 habeat
902 1157 1127 1216 contracturae
1148 1152 1294 1234 ratione3
1317 1172 1407 1238 quae

233 1281 328 1337 erunt
350 1293 369 1334 a
396 1269 615 1357 quadraginta
640 1267 780 1354 pedibus
804 1267 848 1332 ad
867 1267 1122 1355 quinquaginta,
1151 1269 1231 1332 item
1249 1269 1409 1334 dividen-

233 1389 295 1454 dae
319 1396 395 1453 sunt
419 1390 453 1452 in
483 1398 554 1452 octo
580 1394 707 1472 partes,
738 1393 770 1448 et
799 1406 911 1449 earum
939 1394 1063 1471 septem
1090 1387 1125 1449 in
1154 1407 1279 1451 summo
1303 1407 1414 1474 scapo

234 1507 295 1571 sub
315 1507 456 1594 capitulo
472 1505 716 1586 contrahantur.
755 1502 838 1566 Item
855 1503 883 1565 si
901 1524 985 1590 quae
1005 1504 1136 1568 altiores
1152 1514 1265 1588 erunt,
1288 1505 1408 1569 cadem
1500 1487 1501 1490 Ἴ

192 1653 217 1694 10
234 1626 359 1690 ratione
383 1648 442 1711 pro
471 1634 544 1688 rata
576 1623 815 1694 constituantur
849 1629 1083 1696 contracturae.
1136 1625 1185 1686 13.
1215 1623 1299 1710 (34.)
1330 1623 1408 1688 Hae

234 1752 343 1807 autem
364 1753 497 1829 propter
519 1740 701 1806 altitudinis
724 1736 948 1820 intervallum,
973 1738 1150 1804 scandente
1168 1741 1255 1805 oculi
1277 1745 1408 1829 specie,

234 1861 435 1924 adiiciuntur
471 1857 742 1923 crassitudinibus
781 1863 1036 1942 temperaturae3
1073 1866 1279 1924 venustatem
1315 1862 1410 1924 enim

233 1977 440 2065 persequitur
469 1976 560 2040 visus
567 2025 576 2058 ,
606 1976 699 2039 euius
730 1975 758 2037 si
785 1995 852 2038 non
878 1974 1066 2040 blandimur
1087 1975 1249 2064 voluptati
1269 1999 1409 2064 propor-

164 2088 168 2096 ’
234 2094 323 2156 tione
337 2100 369 2156 et
389 2090 592 2158 modulorum
612 2091 869 2175 adiectionibus,
891 2093 940 2156 uti
956 2091 1045 2178 quod
1062 2092 1149 2157 fallit
1166 2097 1407 2181 temperatione

190 2236 216 2279 rs
234 2211 269 2276 id
297 2219 472 2296 augeatur,
502 2219 614 2277 vastus
642 2218 674 2276 et
694 2213 894 2302 ‘invenustus
920 2211 1195 2298 conspicientibus
1220 2215 1409 2278 remittetur

232 2339 394 2418 aspectus.
1088 2301 1091 2308 Ἰ
1182 2301 1185 2307 ¹

320 2449 402 2536 (35.)
430 2449 482 2514 De
510 2448 708 2533 adiectione,
739 2471 823 2536 quae
850 2447 1005 2512 adiicitur
1026 2449 1066 2511 in
1094 2447 1210 2512 mediis
1233 2446 1405 2530 columnis,

235 2590 318 2655 quae
339 2568 426 2655 apud
446 2567 592 2632 'Graecos
614 2570 745 2644 ἔντασις
767 2566 968 2655 appellatur,
995 2567 1031 2630 in
1057 2575 1202 2631 extremo
1232 2564 1315 2630 libro
1340 2567 1407 2630 erit
1499 2609 1501 2640 5

234 2688 340 2752 forma
362 2694 395 2750 et
416 2687 499 2750 ratio
520 2687 607 2769 eius,
631 2685 905 2773 quemadmodum
926 2683 1033 2749 mollis
1055 2693 1088 2748 et
1110 2683 1308 2750 conveniens
1331 2682 1406 2746 effi-

191 2805 356 2886 sociatur,
378 2801 572 2889 subscripta.

670 2921 867 2986 CAPUT
901 2920 960 2984 IV.

321 3041 350 3098 1.
371 3036 453 3123 (36.)
483 3037 705 3103 Fundationes
734 3061 845 3102 eorum
874 3059 1007 3123 operum
1036 3036 1220 3120 fodiantur,
1250 3038 1277 3100 si
1300 3044 1406 3120 queat

234 3155 393 3236 inveniri,
425 3156 468 3219 ad
488 3157 645 3240 solidum,
675 3166 707 3222 et
727 3160 762 3220 in
790 3156 910 3240 solido,
941 3163 1098 3242 quantum
1122 3177 1165 3218 ex
1186 3152 1405 3239 amplitudine

147 3313 153 3321 ·
235 3273 342 3360 operis
370 3269 440 3358 pro
457 3274 583 3337 ratione
611 3273 792 3357 videbitur;
826 3281 1078 3360 exstruaturque
1108 3279 1272 3336 structura
1296 3279 1405 3334 totum

190 3418 217 3458 rs
235 3390 338 3455 solum
360 3411 456 3477 quam
478 3391 686 3456 solidissima.
732 3391 902 3479 Supraque
922 3399 1043 3454 terram
1065 3390 1207 3474 parietes
1230 3396 1405 3452 exstruan-

233 3517 287 3573 tur
309 3508 369 3572 sub
391 3507 551 3573 columnis
574 3510 708 3573 dimidio
730 3511 922 3591 crassiores,
944 3529 1040 3594 quarn
1063 3507 1232 3572 columnae
1254 3513 1329 3569 sunt
1351 3505 1406 3570 fu-

233 3635 342 3710 turae,
366 3627 414 3689 uti
436 3625 580 3690 firmiora
601 3627 667 3689 sint
688 3625 846 3690 inferiora
868 3624 1107 3714 superioribus,
1131 3647 1213 3712 quae
1237 3623 1406 3688 stereoba-

234 3751 286 3806 tae
304 3740 523 3828 appellantur,
542 3764 618 3806 nam
634 3731 802 3829 excipiunt
817 3766 930 3828 onera3
953 3745 1179 3830 spirarumque
1195 3743 1406 3829 proiecturae
1500 3769 1501 3772 ¹

234 3882 300 3924 non
319 3859 499 3946 procedant
519 3867 613 3924 extra
635 3860 785 3940 solidum.
830 3862 913 3926 Item
931 3884 1030 3949 supra
1044 3861 1178 3948 parietis
1198 3859 1240 3924 ad
1260 3835 1405 3924 eundem

191 4005 217 4046 so
234 3976 366 4042 modum
388 3976 571 4042 crassitudo
601 3979 764 4044 servanda
793 3956 861 4064 est3
892 3980 1068 4046 intervalla
1096 3987 1205 4044 autem
1233 3999 1407 4044 concame-
1500 3979 1501 4056 ζ

234 4095 352 4179 randa,
375 4102 431 4158 aut
453 4094 624 4162 solidanda
645 4095 925 4183 fistucationibus,
948 4098 998 4163 uti
1013 4096 1241 4163 distineantur.
1287 4097 1317 4160 2.
1341 4093 1406 4161 Sin
1500 4131 1501 4160 1

235 4219 343 4277 autem
364 4211 505 4276 solidum
526 4235 592 4278 non
612 4214 814 4298 invenietur,
837 4216 896 4280 sed
917 4216 1007 4282 locus
1031 4217 1093 4281 erit
1115 4215 1334 4300 congesticius
1357 4215 1407 4280 ad
1500 4177 1501 4200 i

140 4327 144 4334 ’
234 4329 335 4394 imum
357 4338 415 4393 aut
440 4327 601 4417 paluster,
628 4338 707 4394 tunc
736 4333 765 4395 is
792 4332 884 4398 locus
907 4333 1052 4398 fodiatur
1075 4332 1347 4417 exinaniaturque
1370 4341 1407 4396 et
1500 4413 1501 4420 ἵ
