3006 5170
274 395 309 454 14
442 410 444 414 ·
768 401 928 455 vrrnuvrr

270 565 392 640 matos,
427 579 488 622 nec
508 560 652 622 musicus
675 567 711 623 ut
739 559 976 644 Aristoxenus,
1016 559 1074 624 sed
1101 583 1168 625 non
1195 581 1367 642 amusos3
1420 575 1458 624 ne

270 674 373 764 pictor
396 686 432 741 ut
451 676 600 764 Apelles,
640 677 698 742 sed
720 677 897 763 graphidos
923 700 989 742 non
1013 680 1199 765 imperitum
1235 699 1304 740 nec
1333 677 1458 762 plaste

270 794 542 881 quemadmodum
564 795 683 882 Myron
710 819 768 860 seu
793 794 999 882 Polycletus,
1036 797 1094 861 sed
1121 797 1257 861 rationis
1286 795 1458 882 plastica

270 935 335 977 non
368 914 520 998 ignarus3
556 936 617 978 nec
650 913 756 978 denuo
786 914 933 978 medicus
963 923 999 979 ut
1020 915 1257 1003 Hippocrates,
1299 913 1374 978 sed
1404 937 1458 978 no}

240 1033 540 1118 saniatrologetos3
570 1054 630 1095 nec
653 1033 688 1096 in
710 1034 827 1098 ceteris
850 1033 1007 1098 doctrinis
1031 1032 1242 1118 singulariter
1265 1035 1458 1098 excellens

271 1150 329 1215 sed
356 1151 391 1214 in
423 1149 475 1214 his
507 1173 573 1216 non
603 1152 784 1239 imperitus.
834 1157 883 1217 14.
923 1151 997 1218 Non
1023 1153 1110 1215 enim
1138 1151 1173 1215 in
1201 1152 1306 1214 tantis
1343 1175 1458 1215 rerurr

270 1269 485 1336 varietatibus
520 1268 700 1354 elegantias
733 1269 916 1354 singulares
949 1271 1124 1358 quisquam
1145 1271 1305 1357 consequi
1330 1279 1458 1356 potest

270 1388 356 1474 quod
385 1410 495 1452 earum
522 1389 787 1454 ratiocinationes
810 1409 1007 1474 cognoscere
1030 1398 1063 1453 et
1082 1390 1250 1475 percipere
1273 1389 1342 1453 vix
1368 1389 1458 1452 cadit

271 1509 306 1572 in
325 1514 530 1596 potestatem.
561 1507 631 1571 Nec
652 1517 762 1573 tamen
784 1531 850 1573 non
873 1516 1000 1572 tantum
1023 1505 1192 1571 architecti
1213 1529 1280 1570 non
1305 1515 1458 1592 possunt

189 1699 192 1708 ,
229 1652 253 1692 ro
272 1628 306 1690 in
333 1625 483 1691 omnibus
511 1625 609 1690 rebus
635 1627 755 1691 habere
781 1650 942 1691 summum
964 1625 1131 1708 effectum,
1167 1624 1356 1689 sedetiam
1381 1628 1458 1713 ipsi,

272 1745 328 1830 qui
355 1744 510 1830 privatim
543 1746 758 1832 proprietates
790 1753 903 1818 tenent
937 1746 1071 1826 artium,
1109 1765 1175 1808 non
1207 1743 1385 1828 efficiunt,
1426 1755 1458 1808 ut

270 1861 412 1926 habeant
435 1883 546 1926 omnes
572 1885 731 1926 summurn
752 1862 860 1927 laudis
880 1837 1109 1949 principatum.
1154 1862 1244 1946 Ergo
1266 1862 1297 1924 si
1318 1863 1361 1926 in
1388 1865 1456 1927 sin-

271 1979 358 2064 g'ulis
395 1979 550 2044 doctrinis
586 1981 708 2064 singuli
742 1981 901 2063 artifices,
945 2003 1051 2068 neque
1080 2001 1209 2063 omnes,
1253 1978 1314 2042 sed
1348 1983 1455 2066 pauci

272 2120 353 2163 aevo
384 2107 541 2186 perpetuo
574 2097 777 2163 nobilitatem
811 2100 870 2162 vix
905 2108 981 2163 sunt
1012 2099 1194 2181 consecuti,
1232 2100 1452 2184 quemadmo-

230 2243 254 2282 ιε,
272 2216 349 2281 dum
369 2225 476 2303 potest
498 2217 712 2300 architectuS,
742 2219 798 2304 qui
819 2217 968 2304 pluribus
988 2217 1113 2282 artibus
1138 2216 1237 2281 debet
1256 2239 1329 2282 esse
1360 2221 1450 2304 peri-

271 2345 340 2420 tus,
373 2359 439 2401 non
467 2335 502 2400 id
531 2338 639 2423 ipsum
669 2337 787 2398 mirum
818 2344 850 2400 et
882 2359 1037 2420 magnum
1070 2336 1196 2419 facere,
1231 2337 1382 2421 nequid
1406 2360 1448 2400 ex

272 2455 322 2520 his
345 2455 510 2540 indigeat,
534 2455 592 2518 sed
621 2455 718 2517 etiam
737 2462 773 2516 ut
802 2475 913 2518 omnes
943 2455 1084 2520 artifices
1107 2461 1253 2542 superet,
1291 2454 1349 2540 qui
1378 2457 1444 2519 sin-

272 2572 359 2654 gulis
394 2571 551 2635 doctrinis
579 2571 806 2635 assiduitatem
838 2594 910 2637 cum
945 2573 1106 2638 industria
1142 2595 1268 2637 summa
1295 2577 1443 2660 praesti-

272 2697 391 2752 terunt.

229 2954 255 2995 20
360 2930 409 2989 15.
431 2927 512 3013 (15.)
536 2928 643 3013 Igitur
664 2929 837 2993 inhaere
859 2927 999 3014 Pythius
1020 2951 1146 2994 errasse
1168 2929 1313 3012 videtur,
1346 2931 1437 3015 quod

273 3067 338 3110 non
354 3045 602 3129 animadvertit,
625 3069 668 3110 ex
682 3047 810 3112 duabus
828 3048 926 3112 rebus
940 3047 1086 3132 singulas
1108 3056 1195 3112 artes
1214 3069 1284 3111 esse
1306 3069 1435 3134 compo—

274 3165 370 3247 sitas,
394 3186 436 3228 ex
458 3186 554 3250 opere
570 3173 602 3228 et
622 3167 693 3228 eius
713 3167 978 3249 ratiocinatione3
999 3189 1041 3230 ex
1055 3165 1106 3228 his
1122 3173 1180 3229 aut
1195 3187 1343 3229 emunum
1357 3188 1431 3250 pro·

271 3283 377 3370 prium
397 3305 468 3346 esse
490 3291 616 3365 eorum,
650 3285 706 3368 qui
728 3283 867 3368 singulis
889 3284 987 3348 rebus
1012 3292 1088 3348 sunt
1109 3284 1295 3367 exercitati,
1327 3283 1358 3347 id
1382 3294 1431 3348 est

273 3403 380 3490 operis
403 3402 554 3483 effectus3
576 3399 712 3464 alterum
734 3423 903 3465 commune
923 3424 996 3466 cum
1019 3401 1171 3466 omnibus
1192 3402 1309 3484 doctis,
1325 3401 1357 3465 id
1381 3413 1429 3466 est

229 3546 255 3586 25
273 3521 493 3584 ratiocinatio:
526 3519 575 3581 uti
601 3517 745 3590 medicis,
766 3528 798 3583 et
824 3520 959 3583 musicis
988 3527 1020 3583 et
1042 3519 1083 3583 de
1104 3540 1263 3586 venarum
1284 3520 1426 3605 rhythmo

260 3612 305 3702 et
330 3636 370 3701 de
392 3637 511 3723 pedum
533 3645 639 3720 motn3
675 3645 710 3700 at
732 3639 760 3700 si
785 3637 904 3703 vulnus
932 3636 1057 3702 mederi
1078 3644 1134 3701 aut
1153 3659 1286 3721 aegrum
1307 3639 1423 3724 cripere

274 3755 314 3818 de
344 3757 489 3841 periculo
518 3755 711 3842 oportuerit,
743 3775 809 3818 non
838 3754 972 3819 accedet
1003 3756 1162 3830 musicus,
1196 3755 1254 3818 sed
1285 3755 1316 3818 id
1345 3777 1422 3840 opus

271 3874 437 3959 proprium
460 3874 522 3937 erit
541 3872 676 3956 medici3
708 3873 788 3966 ipem
806 3874 841 3935 in
863 3893 985 3958 organo
1005 3895 1072 3938 non
1090 3854 1236 3935 medicus
1260 3871 1316 3935 sed'
1330 3875 1421 3935 musi·

272 4013 329 4053 cus
351 3989 588 4072 modulabitur,
622 3983 659 4054 ut
681 4013 776 4055 aures
798 4012 892 4082 puam
914 3991 1121 4056 cantionibus
1143 3990 1300 4076 recipiant
1317 3990 1420 4060 iucun-

230 4107 419 4170 ruditatem.
466 4109 514 4170 16.
539 4106 621 4191 (16.)
653 4106 811 4172 Similiter
828 4131 901 4172 cum
923 4106 1098 4192 astrologis
1120 4114 1152 4169 ct
1168 4107 1299 4170 musicis
1316 4113 1359 4169 est
1372 4106 1419 4171 di·

195 4252 197 4256 ·
245 4309 248 4314 ¹
274 4219 416 4306 sputatlo
431 4224 610 4287 communis
626 4223 666 4286 de
684 4225 869 4312 sympathia
884 4223 1051 4288 stellarum
1069 4232 1102 4288 et
1121 4225 1370 4310 symphoniarum
1385 4228 1417 4290 in

274 4338 443 4424 quadratis
454 4347 486 4403 et
502 4339 642 4422 trigonis
656 4341 862 4407 diatessaron
873 4351 908 4406 et
930 4342 1099 4425 diapente;
1114 4358 1187 4404 cum
1203 4342 1363 4425 geometris
1377 4343 1417 4408 de
