<?xml version="1.0" encoding="UTF-8"?>
<!DOCTYPE html PUBLIC "-//W3C//DTD XHTML 1.0 Transitional//EN"
    "http://www.w3.org/TR/xhtml1/DTD/xhtml1-transitional.dtd">
<html xmlns="http://www.w3.org/1999/xhtml" xml:lang="en" lang="en">
 <head>
  <title>
</title>
<meta http-equiv="Content-Type" content="text/html;charset=utf-8" />
  <meta name='ocr-system' content='tesseract 3.04.00' />
  <meta name='ocr-capabilities' content='ocr_page ocr_carea ocr_par ocr_line ocrx_word'/>
</head>
<body>
  <div class='ocr_page' id='page_1' title='image "./marcivitruviipo00loregoog_0116.png"; bbox 0 0 3008 5162; ppageno 0'>
   <div class='ocr_carea' id='block_1_1' title="bbox 262 390 918 450">
    <p class='ocr_par' dir='ltr' id='par_1_1' title="bbox 262 390 918 450">
     <span class='ocr_line' id='line_1_1' title="bbox 262 390 918 450; baseline -0.005 -2"><span class='ocrx_word' id='word_1_1' title='bbox 262 390 320 450; x_wconf 83' lang='lat'>108</span> <span class='ocrx_word' id='word_1_2' title='bbox 760 399 918 446; x_wconf 80' lang='lat' dir='ltr'>vrrnuvu</span> 
     </span>
    </p>
   </div>
   <div class='ocr_carea' id='block_1_2' title="bbox 214 553 1421 2057">
    <p class='ocr_par' dir='ltr' id='par_1_2' title="bbox 257 553 1421 996">
     <span class='ocr_line' id='line_1_2' title="bbox 345 553 1421 642; baseline -0.004 -22"><span class='ocrx_word' id='word_1_3' title='bbox 345 562 396 620; x_wconf 84' lang='lat' dir='ltr'>ll.</span> <span class='ocrx_word' id='word_1_4' title='bbox 421 557 502 642; x_wconf 75' lang='lat'>(59.)</span> <span class='ocrx_word' id='word_1_5' title='bbox 527 555 631 619; x_wconf 85' lang='lat' dir='ltr'>Larix</span> <span class='ocrx_word' id='word_1_6' title='bbox 653 575 748 635; x_wconf 90' lang='lat' dir='ltr'>vero,</span> <span class='ocrx_word' id='word_1_7' title='bbox 779 555 835 638; x_wconf 92' lang='lat' dir='ltr'>qui</span> <span class='ocrx_word' id='word_1_8' title='bbox 863 575 927 616; x_wconf 92' lang='lat' dir='ltr'>non</span> <span class='ocrx_word' id='word_1_9' title='bbox 959 561 1009 616; x_wconf 89' lang='lat' dir='ltr'>est</span> <span class='ocrx_word' id='word_1_10' title='bbox 1038 563 1135 617; x_wconf 93' lang='lat' dir='ltr'>notus</span> <span class='ocrx_word' id='word_1_11' title='bbox 1162 556 1228 618; x_wconf 88' lang='lat' dir='ltr'>uisi</span> <span class='ocrx_word' id='word_1_12' title='bbox 1253 553 1421 616; x_wconf 81' lang='grc' dir='ltr'><strong>1111111111ιί-</strong></span> 
     </span>
     <span class='ocr_line' id='line_1_3' title="bbox 258 670 1418 762; baseline -0.006 -22"><span class='ocrx_word' id='word_1_13' title='bbox 258 675 420 762; x_wconf 89' lang='lat' dir='ltr'>cipalibus</span> <span class='ocrx_word' id='word_1_14' title='bbox 430 725 439 757; x_wconf 91' lang='lat'>,</span> <span class='ocrx_word' id='word_1_15' title='bbox 463 676 519 758; x_wconf 92' lang='lat' dir='ltr'>qui</span> <span class='ocrx_word' id='word_1_16' title='bbox 542 682 618 737; x_wconf 89' lang='lat' dir='ltr'>sunt</span> <span class='ocrx_word' id='word_1_17' title='bbox 641 673 728 736; x_wconf 89' lang='lat' dir='ltr'>circa</span> <span class='ocrx_word' id='word_1_18' title='bbox 752 673 858 758; x_wconf 81' lang='lat' dir='ltr'>ripam</span> <span class='ocrx_word' id='word_1_19' title='bbox 878 671 1022 735; x_wconf 91' lang='lat' dir='ltr'>fluminis</span> <span class='ocrx_word' id='word_1_20' title='bbox 1042 670 1123 734; x_wconf 88' lang='lat' dir='ltr'>Padi</span> <span class='ocrx_word' id='word_1_21' title='bbox 1145 680 1177 735; x_wconf 93' lang='lat' dir='ltr'>et</span> <span class='ocrx_word' id='word_1_22' title='bbox 1197 673 1311 735; x_wconf 79' lang='lat' dir='ltr'>littora</span> <span class='ocrx_word' id='word_1_23' title='bbox 1330 673 1418 734; x_wconf 90' lang='lat' dir='ltr'>maris</span> 
     </span>
     <span class='ocr_line' id='line_1_4' title="bbox 257 790 1418 876; baseline -0.006 -17"><span class='ocrx_word' id='word_1_24' title='bbox 257 795 414 876; x_wconf 86' lang='lat' dir='ltr'>Adriani,</span> <span class='ocrx_word' id='word_1_25' title='bbox 438 815 503 858; x_wconf 92' lang='lat' dir='ltr'>non</span> <span class='ocrx_word' id='word_1_26' title='bbox 533 792 636 856; x_wconf 90' lang='lat' dir='ltr'>solum</span> <span class='ocrx_word' id='word_1_27' title='bbox 661 791 704 855; x_wconf 91' lang='lat' dir='ltr'>ab</span> <span class='ocrx_word' id='word_1_28' title='bbox 734 791 822 853; x_wconf 87' lang='lat' dir='ltr'>succi</span> <span class='ocrx_word' id='word_1_29' title='bbox 851 791 1037 854; x_wconf 90' lang='lat' dir='ltr'>vehementi</span> <span class='ocrx_word' id='word_1_30' title='bbox 1067 792 1239 854; x_wconf 81' lang='lat' dir='ltr'>amaritate</span> <span class='ocrx_word' id='word_1_31' title='bbox 1272 790 1314 854; x_wconf 91' lang='lat' dir='ltr'>ab</span> <span class='ocrx_word' id='word_1_32' title='bbox 1342 792 1418 853; x_wconf 89' lang='lat' dir='ltr'>carie</span> 
     </span>
     <span class='ocr_line' id='line_1_5' title="bbox 257 908 1419 996; baseline -0.005 -19"><span class='ocrx_word' id='word_1_33' title='bbox 257 921 314 977; x_wconf 93' lang='lat' dir='ltr'>aut</span> <span class='ocrx_word' id='word_1_34' title='bbox 336 915 426 976; x_wconf 89' lang='lat' dir='ltr'>tinea</span> <span class='ocrx_word' id='word_1_35' title='bbox 448 934 514 975; x_wconf 92' lang='lat' dir='ltr'>non</span> <span class='ocrx_word' id='word_1_36' title='bbox 534 919 686 992; x_wconf 88' lang='lat' dir='ltr'>nocetur,</span> <span class='ocrx_word' id='word_1_37' title='bbox 716 909 895 972; x_wconf 91' lang='lat' dir='ltr'>sedetiam</span> <span class='ocrx_word' id='word_1_38' title='bbox 919 908 1082 972; x_wconf 89' lang='lat' dir='ltr'>flammam</span> <span class='ocrx_word' id='word_1_39' title='bbox 1106 909 1238 996; x_wconf 81' lang='lat' dir='ltr'>exigui</span> <span class='ocrx_word' id='word_1_40' title='bbox 1261 909 1419 973; x_wconf 85' lang='grc'><strong>111111111-</strong></span> 
     </span>
    </p>

    <p class='ocr_par' dir='ltr' id='par_1_3' title="bbox 228 1027 1420 1592">
     <span class='ocr_line' id='line_1_6' title="bbox 228 1027 1419 1119; baseline -0.006 -23"><span class='ocrx_word' id='word_1_41' title='bbox 228 1035 321 1119; x_wconf 83' lang='lat' dir='ltr'>spit,</span> <span class='ocrx_word' id='word_1_42' title='bbox 343 1053 404 1094; x_wconf 89' lang='lat' dir='ltr'>nee</span> <span class='ocrx_word' id='word_1_43' title='bbox 423 1033 492 1117; x_wconf 91' lang='lat' dir='ltr'>ipse</span> <span class='ocrx_word' id='word_1_44' title='bbox 514 1052 572 1116; x_wconf 90' lang='lat' dir='ltr'>per</span> <span class='ocrx_word' id='word_1_45' title='bbox 591 1051 625 1091; x_wconf 89' lang='lat' dir='ltr'>se</span> <span class='ocrx_word' id='word_1_46' title='bbox 646 1035 754 1114; x_wconf 91' lang='lat' dir='ltr'>potest</span> <span class='ocrx_word' id='word_1_47' title='bbox 777 1027 907 1109; x_wconf 89' lang='lat' dir='ltr'>ardere,</span> <span class='ocrx_word' id='word_1_48' title='bbox 929 1029 1008 1111; x_wconf 90' lang='lat' dir='ltr'>nisi,</span> <span class='ocrx_word' id='word_1_49' title='bbox 1030 1031 1079 1093; x_wconf 91' lang='lat' dir='ltr'>uti</span> <span class='ocrx_word' id='word_1_50' title='bbox 1102 1051 1218 1092; x_wconf 83' lang='lat' dir='ltr'>saxum</span> <span class='ocrx_word' id='word_1_51' title='bbox 1242 1029 1278 1091; x_wconf 90' lang='lat' dir='ltr'>in</span> <span class='ocrx_word' id='word_1_52' title='bbox 1297 1028 1419 1092; x_wconf 86' lang='lat' dir='ltr'>fornace</span> 
     </span>
     <span class='ocr_line' id='line_1_7' title="bbox 256 1145 1420 1233; baseline -0.005 -19"><span class='ocrx_word' id='word_1_53' title='bbox 256 1150 299 1214; x_wconf 91' lang='lat' dir='ltr'>ad</span> <span class='ocrx_word' id='word_1_54' title='bbox 326 1150 449 1213; x_wconf 89' lang='lat' dir='ltr'>calcem</span> <span class='ocrx_word' id='word_1_55' title='bbox 477 1146 696 1233; x_wconf 80' lang='lat' dir='ltr'>coquendam,</span> <span class='ocrx_word' id='word_1_56' title='bbox 729 1145 803 1208; x_wconf 90' lang='lat' dir='ltr'>aliis</span> <span class='ocrx_word' id='word_1_57' title='bbox 836 1145 936 1231; x_wconf 83' lang='lat' dir='ltr'>lignis</span> <span class='ocrx_word' id='word_1_58' title='bbox 966 1156 1095 1230; x_wconf 89' lang='lat' dir='ltr'>uratur;</span> <span class='ocrx_word' id='word_1_59' title='bbox 1124 1169 1185 1210; x_wconf 89' lang='lat' dir='ltr'>nec</span> <span class='ocrx_word' id='word_1_60' title='bbox 1212 1155 1325 1211; x_wconf 89' lang='lat' dir='ltr'>tamen</span> <span class='ocrx_word' id='word_1_61' title='bbox 1351 1156 1420 1211; x_wconf 88' lang='lat' dir='ltr'>tunc</span> 
     </span>
     <span class='ocr_line' id='line_1_8' title="bbox 255 1263 1418 1351; baseline -0.004 -20"><span class='ocrx_word' id='word_1_62' title='bbox 255 1268 419 1332; x_wconf 88' lang='lat' dir='ltr'>flammam</span> <span class='ocrx_word' id='word_1_63' title='bbox 448 1266 581 1351; x_wconf 84' lang='lat' dir='ltr'>recipit,</span> <span class='ocrx_word' id='word_1_64' title='bbox 616 1287 677 1328; x_wconf 90' lang='lat' dir='ltr'>nee</span> <span class='ocrx_word' id='word_1_65' title='bbox 708 1263 882 1328; x_wconf 88' lang='lat' dir='ltr'>carbonem</span> <span class='ocrx_word' id='word_1_66' title='bbox 914 1266 1068 1348; x_wconf 78' lang='lat' dir='ltr'>remittit,</span> <span class='ocrx_word' id='word_1_67' title='bbox 1102 1265 1159 1328; x_wconf 91' lang='lat' dir='ltr'>sed</span> <span class='ocrx_word' id='word_1_68' title='bbox 1189 1265 1289 1349; x_wconf 83' lang='lat' dir='ltr'>longo</span> <span class='ocrx_word' id='word_1_69' title='bbox 1322 1265 1418 1351; x_wconf 88' lang='lat' dir='ltr'>spatio</span> 
     </span>
     <span class='ocr_line' id='line_1_9' title="bbox 255 1382 1418 1470; baseline -0.004 -20"><span class='ocrx_word' id='word_1_70' title='bbox 255 1387 348 1452; x_wconf 90' lang='lat' dir='ltr'>tarde</span> <span class='ocrx_word' id='word_1_71' title='bbox 371 1384 581 1450; x_wconf 83' lang='lat' dir='ltr'>comburitur.</span> <span class='ocrx_word' id='word_1_72' title='bbox 628 1382 724 1462; x_wconf 80' lang='lat' dir='ltr'>Quod</span> <span class='ocrx_word' id='word_1_73' title='bbox 751 1391 800 1447; x_wconf 89' lang='lat' dir='ltr'>est</span> <span class='ocrx_word' id='word_1_74' title='bbox 827 1385 963 1446; x_wconf 88' lang='lat' dir='ltr'>minima</span> <span class='ocrx_word' id='word_1_75' title='bbox 992 1383 1079 1467; x_wconf 88' lang='lat' dir='ltr'>ignis</span> <span class='ocrx_word' id='word_1_76' title='bbox 1108 1390 1139 1445; x_wconf 90' lang='lat' dir='ltr'>et</span> <span class='ocrx_word' id='word_1_77' title='bbox 1158 1384 1244 1446; x_wconf 77' lang='grc'><strong>11111</strong></span> <span class='ocrx_word' id='word_1_78' title='bbox 1268 1407 1286 1446; x_wconf 96' lang='grc'>1</span> <span class='ocrx_word' id='word_1_79' title='bbox 1309 1385 1418 1470; x_wconf 86' lang='lat' dir='ltr'>princi-</span> 
     </span>
     <span class='ocr_line' id='line_1_10' title="bbox 256 1501 1417 1592; baseline -0.005 -23"><span class='ocrx_word' id='word_1_80' title='bbox 256 1507 320 1592; x_wconf 91' lang='lat' dir='ltr'>piis</span> <span class='ocrx_word' id='word_1_81' title='bbox 336 1512 572 1591; x_wconf 85' lang='lat' dir='ltr'>temperatura,</span> <span class='ocrx_word' id='word_1_82' title='bbox 593 1502 727 1564; x_wconf 90' lang='lat' dir='ltr'>humore</span> <span class='ocrx_word' id='word_1_83' title='bbox 749 1509 858 1564; x_wconf 90' lang='lat' dir='ltr'>autem</span> <span class='ocrx_word' id='word_1_84' title='bbox 882 1510 914 1564; x_wconf 91' lang='lat' dir='ltr'>et</span> <span class='ocrx_word' id='word_1_85' title='bbox 935 1509 1064 1563; x_wconf 88' lang='lat' dir='ltr'>terreno</span> <span class='ocrx_word' id='word_1_86' title='bbox 1084 1509 1134 1563; x_wconf 87' lang='lat' dir='ltr'>est</span> <span class='ocrx_word' id='word_1_87' title='bbox 1153 1501 1258 1584; x_wconf 87' lang='lat' dir='ltr'>spisse</span> <span class='ocrx_word' id='word_1_88' title='bbox 1277 1501 1417 1582; x_wconf 88' lang='lat' dir='ltr'>solidata,</span> 
     </span>
    </p>

    <p class='ocr_par' dir='ltr' id='par_1_4' title="bbox 214 1619 1420 2057">
     <span class='ocr_line' id='line_1_11' title="bbox 214 1619 1419 1706; baseline -0.004 -21"><span class='ocrx_word' id='word_1_89' title='bbox 214 1646 239 1686; x_wconf 86' lang='grc'>11</span> <span class='ocrx_word' id='word_1_90' title='bbox 255 1648 322 1690; x_wconf 91' lang='lat' dir='ltr'>non</span> <span class='ocrx_word' id='word_1_91' title='bbox 341 1623 440 1686; x_wconf 87' lang='lat' dir='ltr'>habet</span> <span class='ocrx_word' id='word_1_92' title='bbox 463 1621 569 1706; x_wconf 86' lang='lat' dir='ltr'>spatia</span> <span class='ocrx_word' id='word_1_93' title='bbox 591 1619 804 1699; x_wconf 88' lang='lat' dir='ltr'>foraminum,</span> <span class='ocrx_word' id='word_1_94' title='bbox 828 1640 893 1703; x_wconf 91' lang='lat' dir='ltr'>qua</span> <span class='ocrx_word' id='word_1_95' title='bbox 911 1619 1016 1702; x_wconf 78' lang='lat' dir='ltr'>possit</span> <span class='ocrx_word' id='word_1_96' title='bbox 1033 1619 1120 1702; x_wconf 82' lang='lat' dir='ltr'>ignis</span> <span class='ocrx_word' id='word_1_97' title='bbox 1138 1627 1330 1705; x_wconf 88' lang='lat' dir='ltr'>penetrare,</span> <span class='ocrx_word' id='word_1_98' title='bbox 1352 1619 1419 1682; x_wconf 87' lang='lat' dir='ltr'>reii-</span> 
     </span>
     <span class='ocr_line' id='line_1_12' title="bbox 256 1736 1419 1826; baseline -0.003 -22"><span class='ocrx_word' id='word_1_99' title='bbox 256 1744 364 1826; x_wconf 89' lang='lat' dir='ltr'>citque</span> <span class='ocrx_word' id='word_1_100' title='bbox 383 1741 453 1802; x_wconf 92' lang='lat' dir='ltr'>eius</span> <span class='ocrx_word' id='word_1_101' title='bbox 476 1739 559 1818; x_wconf 88' lang='lat' dir='ltr'>vim,</span> <span class='ocrx_word' id='word_1_102' title='bbox 592 1759 652 1799; x_wconf 89' lang='lat' dir='ltr'>nec</span> <span class='ocrx_word' id='word_1_103' title='bbox 680 1738 803 1821; x_wconf 89' lang='lat' dir='ltr'>patitur</span> <span class='ocrx_word' id='word_1_104' title='bbox 826 1736 868 1801; x_wconf 91' lang='lat' dir='ltr'>ab</span> <span class='ocrx_word' id='word_1_105' title='bbox 892 1759 930 1800; x_wconf 91' lang='lat' dir='ltr'>eo</span> <span class='ocrx_word' id='word_1_106' title='bbox 952 1737 1017 1800; x_wconf 88' lang='lat' dir='ltr'>sibi</span> <span class='ocrx_word' id='word_1_107' title='bbox 1040 1738 1105 1800; x_wconf 89' lang='lat' dir='ltr'>cito</span> <span class='ocrx_word' id='word_1_108' title='bbox 1126 1739 1252 1822; x_wconf 79' lang='lat' dir='ltr'>noceri3</span> <span class='ocrx_word' id='word_1_109' title='bbox 1281 1748 1419 1825; x_wconf 88' lang='lat' dir='ltr'>propter-</span> 
     </span>
     <span class='ocr_line' id='line_1_13' title="bbox 256 1855 1420 1945; baseline -0.004 -24"><span class='ocrx_word' id='word_1_110' title='bbox 256 1881 319 1945; x_wconf 87' lang='lat' dir='ltr'>que</span> <span class='ocrx_word' id='word_1_111' title='bbox 346 1857 473 1943; x_wconf 88' lang='lat' dir='ltr'>pondus</span> <span class='ocrx_word' id='word_1_112' title='bbox 502 1855 542 1918; x_wconf 89' lang='lat' dir='ltr'>ab</span> <span class='ocrx_word' id='word_1_113' title='bbox 567 1876 652 1940; x_wconf 90' lang='lat' dir='ltr'>aqua</span> <span class='ocrx_word' id='word_1_114' title='bbox 673 1877 741 1923; x_wconf 88' lang='lat' dir='ltr'>non</span> <span class='ocrx_word' id='word_1_115' title='bbox 762 1856 958 1938; x_wconf 82' lang='lat' dir='ltr'>sustinetur,</span> <span class='ocrx_word' id='word_1_116' title='bbox 988 1855 1046 1918; x_wconf 89' lang='lat' dir='ltr'>sed</span> <span class='ocrx_word' id='word_1_117' title='bbox 1076 1878 1148 1918; x_wconf 86' lang='lat' dir='ltr'>cum</span> <span class='ocrx_word' id='word_1_118' title='bbox 1176 1865 1343 1943; x_wconf 88' lang='lat' dir='ltr'>portatur,</span> <span class='ocrx_word' id='word_1_119' title='bbox 1371 1863 1420 1918; x_wconf 91' lang='lat' dir='ltr'>aut</span> 
     </span>
     <span class='ocr_line' id='line_1_14' title="bbox 256 1971 1154 2057; baseline -0.001 -19"><span class='ocrx_word' id='word_1_120' title='bbox 256 1978 290 2038; x_wconf 91' lang='lat' dir='ltr'>in</span> <span class='ocrx_word' id='word_1_121' title='bbox 313 1975 453 2038; x_wconf 89' lang='lat' dir='ltr'>navibus</span> <span class='ocrx_word' id='word_1_122' title='bbox 476 1981 534 2036; x_wconf 91' lang='lat' dir='ltr'>aut</span> <span class='ocrx_word' id='word_1_123' title='bbox 557 1994 656 2057; x_wconf 89' lang='lat' dir='ltr'>supra</span> <span class='ocrx_word' id='word_1_124' title='bbox 679 1971 837 2056; x_wconf 85' lang='lat' dir='ltr'>abiegnas</span> <span class='ocrx_word' id='word_1_125' title='bbox 858 1981 944 2036; x_wconf 89' lang='lat' dir='ltr'>rates</span> <span class='ocrx_word' id='word_1_126' title='bbox 969 1973 1154 2038; x_wconf 87' lang='lat' dir='ltr'>collocatur.</span> 
     </span>
    </p>
   </div>
   <div class='ocr_carea' id='block_1_3' title="bbox 211 2328 1484 3949">
    <p class='ocr_par' dir='ltr' id='par_1_5' title="bbox 211 2328 1484 3949">
     <span class='ocr_line' id='line_1_15' title="bbox 346 2328 1418 2413; baseline -0.005 -21"><span class='ocrx_word' id='word_1_127' title='bbox 346 2334 394 2392; x_wconf 83' lang='lat'>15.</span> <span class='ocrx_word' id='word_1_128' title='bbox 422 2328 473 2391; x_wconf 84' lang='lat' dir='ltr'>Ea</span> <span class='ocrx_word' id='word_1_129' title='bbox 502 2337 610 2392; x_wconf 91' lang='lat' dir='ltr'>autem</span> <span class='ocrx_word' id='word_1_130' title='bbox 641 2329 793 2390; x_wconf 90' lang='lat' dir='ltr'>materies</span> <span class='ocrx_word' id='word_1_131' title='bbox 823 2328 1096 2413; x_wconf 87' lang='lat' dir='ltr'>quemadmodum</span> <span class='ocrx_word' id='word_1_132' title='bbox 1128 2331 1171 2393; x_wconf 89' lang='lat' dir='ltr'>sit</span> <span class='ocrx_word' id='word_1_133' title='bbox 1196 2328 1345 2410; x_wconf 87' lang='lat' dir='ltr'>inventa,-</span> <span class='ocrx_word' id='word_1_134' title='bbox 1375 2334 1418 2388; x_wconf 90' lang='grc'>111</span> 
     </span>
     <span class='ocr_line' id='line_1_16' title="bbox 213 2445 1484 2542; baseline -0.002 -33"><span class='ocrx_word' id='word_1_135' title='bbox 213 2469 355 2514; x_wconf 81' lang='grc'><strong>11111111</strong></span> <span class='ocrx_word' id='word_1_136' title='bbox 376 2469 581 2532; x_wconf 80' lang='lat' dir='ltr'>cognoscere.</span> <span class='ocrx_word' id='word_1_137' title='bbox 628 2445 710 2531; x_wconf 80' lang='lat'>(60.)</span> <span class='ocrx_word' id='word_1_138' title='bbox 733 2445 842 2510; x_wconf 83' lang='lat' dir='ltr'>Divus</span> <span class='ocrx_word' id='word_1_139' title='bbox 861 2445 985 2511; x_wconf 82' lang='lat' dir='ltr'>Caesar</span> <span class='ocrx_word' id='word_1_140' title='bbox 1006 2470 1079 2510; x_wconf 89' lang='lat' dir='ltr'>eum</span> <span class='ocrx_word' id='word_1_141' title='bbox 1098 2448 1278 2510; x_wconf 88' lang='lat' dir='ltr'>exercitum</span> <span class='ocrx_word' id='word_1_142' title='bbox 1296 2445 1414 2508; x_wconf 85' lang='lat' dir='ltr'>habuis·</span> <span class='ocrx_word' id='word_1_143' title='bbox 1483 2519 1484 2542; x_wconf 17' lang='grc' dir='ltr'>ἒ</span> 
     </span>
     <span class='ocr_line' id='line_1_17' title="bbox 255 2565 1484 2652; baseline -0.005 -21"><span class='ocrx_word' id='word_1_144' title='bbox 255 2576 305 2631; x_wconf 87' lang='grc'>111</span> <span class='ocrx_word' id='word_1_145' title='bbox 339 2567 426 2629; x_wconf 87' lang='grc'><strong>11111</strong></span> <span class='ocrx_word' id='word_1_146' title='bbox 456 2565 575 2649; x_wconf 88' lang='lat' dir='ltr'>Alpes,</span> <span class='ocrx_word' id='word_1_147' title='bbox 608 2565 900 2651; x_wconf 82' lang='lat' dir='ltr'>imperavissetque</span> <span class='ocrx_word' id='word_1_148' title='bbox 928 2567 1116 2652; x_wconf 84' lang='lat' dir='ltr'>municipiis</span> <span class='ocrx_word' id='word_1_149' title='bbox 1144 2573 1313 2651; x_wconf 87' lang='lat' dir='ltr'>praestare</span> <span class='ocrx_word' id='word_1_150' title='bbox 1340 2586 1416 2626; x_wconf 88' lang='lat' dir='ltr'>com·</span> <span class='ocrx_word' id='word_1_151' title='bbox 1479 2565 1484 2572; x_wconf 56' lang='lat'><em>⁴</em></span> 
     </span>
     <span class='ocr_line' id='line_1_18' title="bbox 254 2681 1418 2770; baseline -0.003 -23"><span class='ocrx_word' id='word_1_152' title='bbox 254 2692 399 2765; x_wconf 89' lang='lat' dir='ltr'>meatus,</span> <span class='ocrx_word' id='word_1_153' title='bbox 434 2682 546 2767; x_wconf 89' lang='lat' dir='ltr'>ibique</span> <span class='ocrx_word' id='word_1_154' title='bbox 579 2691 665 2746; x_wconf 90' lang='lat' dir='ltr'>esset</span> <span class='ocrx_word' id='word_1_155' title='bbox 701 2681 871 2745; x_wconf 87' lang='lat' dir='ltr'>castellum</span> <span class='ocrx_word' id='word_1_156' title='bbox 905 2684 1083 2765; x_wconf 91' lang='lat' dir='ltr'>munitum,</span> <span class='ocrx_word' id='word_1_157' title='bbox 1120 2683 1209 2770; x_wconf 88' lang='lat' dir='ltr'>quod</span> <span class='ocrx_word' id='word_1_158' title='bbox 1248 2683 1418 2750; x_wconf 87' lang='lat' dir='ltr'>vocabatur</span> 
     </span>
     <span class='ocr_line' id='line_1_19' title="bbox 255 2799 1417 2885; baseline -0.003 -21"><span class='ocrx_word' id='word_1_159' title='bbox 255 2802 451 2885; x_wconf 68' lang='lat' dir='ltr'>Larignum,</span> <span class='ocrx_word' id='word_1_160' title='bbox 475 2807 552 2862; x_wconf 86' lang='lat' dir='ltr'>tunc</span> <span class='ocrx_word' id='word_1_161' title='bbox 574 2801 631 2884; x_wconf 93' lang='lat' dir='ltr'>qui</span> <span class='ocrx_word' id='word_1_162' title='bbox 653 2801 688 2862; x_wconf 91' lang='lat' dir='ltr'>in</span> <span class='ocrx_word' id='word_1_163' title='bbox 711 2821 749 2863; x_wconf 94' lang='lat' dir='ltr'>eo</span> <span class='ocrx_word' id='word_1_164' title='bbox 772 2799 920 2883; x_wconf 87' lang='lat' dir='ltr'>fuerunt,</span> <span class='ocrx_word' id='word_1_165' title='bbox 945 2802 1088 2865; x_wconf 89' lang='lat' dir='ltr'>naturali</span> <span class='ocrx_word' id='word_1_166' title='bbox 1111 2803 1291 2867; x_wconf 90' lang='lat' dir='ltr'>munitione</span> <span class='ocrx_word' id='word_1_167' title='bbox 1313 2801 1417 2866; x_wconf 86' lang='lat' dir='ltr'>confisi</span> 
     </span>
     <span class='ocr_line' id='line_1_20' title="bbox 254 2916 1417 3008; baseline 0 -28"><span class='ocrx_word' id='word_1_168' title='bbox 254 2916 429 2980; x_wconf 89' lang='lat' dir='ltr'>noluerunt</span> <span class='ocrx_word' id='word_1_169' title='bbox 465 2917 601 3000; x_wconf 88' lang='lat' dir='ltr'>imperio</span> <span class='ocrx_word' id='word_1_170' title='bbox 636 2939 761 3003; x_wconf 90' lang='lat' dir='ltr'>parere.</span> <span class='ocrx_word' id='word_1_171' title='bbox 824 2919 940 3004; x_wconf 90' lang='lat' dir='ltr'>Itaque</span> <span class='ocrx_word' id='word_1_172' title='bbox 974 2921 1152 3006; x_wconf 92' lang='lat' dir='ltr'>imperator</span> <span class='ocrx_word' id='word_1_173' title='bbox 1187 2923 1298 3008; x_wconf 87' lang='lat' dir='ltr'>copias</span> <span class='ocrx_word' id='word_1_174' title='bbox 1329 2921 1417 2984; x_wconf 89' lang='lat' dir='ltr'>iussit</span> 
     </span>
     <span class='ocr_line' id='line_1_21' title="bbox 211 3033 1415 3128; baseline -0.002 -27"><span class='ocrx_word' id='word_1_175' title='bbox 211 3063 237 3101; x_wconf 85' lang='lat'>20</span> <span class='ocrx_word' id='word_1_176' title='bbox 255 3034 434 3098; x_wconf 88' lang='lat' dir='ltr'>admoveri.</span> <span class='ocrx_word' id='word_1_177' title='bbox 486 3033 568 3097; x_wconf 87' lang='lat' dir='ltr'>Erat</span> <span class='ocrx_word' id='word_1_178' title='bbox 597 3044 706 3099; x_wconf 89' lang='lat' dir='ltr'>autem</span> <span class='ocrx_word' id='word_1_179' title='bbox 736 3045 811 3100; x_wconf 90' lang='lat' dir='ltr'>ante</span> <span class='ocrx_word' id='word_1_180' title='bbox 844 3039 914 3100; x_wconf 90' lang='lat' dir='ltr'>eius</span> <span class='ocrx_word' id='word_1_181' title='bbox 948 3038 1075 3101; x_wconf 87' lang='lat' dir='ltr'>castelli</span> <span class='ocrx_word' id='word_1_182' title='bbox 1101 3047 1229 3128; x_wconf 88' lang='lat' dir='ltr'>portam</span> <span class='ocrx_word' id='word_1_183' title='bbox 1255 3041 1353 3102; x_wconf 88' lang='lat' dir='ltr'>turris</span> <span class='ocrx_word' id='word_1_184' title='bbox 1380 3057 1415 3100; x_wconf 87' lang='lat' dir='ltr'>ex</span> 
     </span>
     <span class='ocr_line' id='line_1_22' title="bbox 253 3151 1415 3242; baseline 0.002 -28"><span class='ocrx_word' id='word_1_185' title='bbox 253 3152 316 3215; x_wconf 87' lang='grc'><strong>1111</strong></span> <span class='ocrx_word' id='word_1_186' title='bbox 337 3153 473 3215; x_wconf 89' lang='lat' dir='ltr'>materia</span> <span class='ocrx_word' id='word_1_187' title='bbox 500 3151 641 3235; x_wconf 22' lang='lat' dir='ltr'>alternis·</span> <span class='ocrx_word' id='word_1_188' title='bbox 663 3153 814 3218; x_wconf 84' lang='lat' dir='ltr'>trabibus</span> <span class='ocrx_word' id='word_1_189' title='bbox 839 3156 1054 3237; x_wconf 90' lang='lat' dir='ltr'>transversis,</span> <span class='ocrx_word' id='word_1_190' title='bbox 1085 3157 1131 3218; x_wconf 90' lang='lat' dir='ltr'>uti</span> <span class='ocrx_word' id='word_1_191' title='bbox 1158 3179 1256 3242; x_wconf 89' lang='lat' dir='ltr'>pyra,</span> <span class='ocrx_word' id='word_1_192' title='bbox 1283 3158 1365 3220; x_wconf 91' lang='lat' dir='ltr'>inter</span> <span class='ocrx_word' id='word_1_193' title='bbox 1387 3177 1415 3218; x_wconf 91' lang='grc'>11</span> 
     </span>
     <span class='ocr_line' id='line_1_23' title="bbox 255 3269 1414 3361; baseline 0.002 -27"><span class='ocrx_word' id='word_1_194' title='bbox 255 3271 435 3356; x_wconf 84' lang='lat' dir='ltr'>composita</span> <span class='ocrx_word' id='word_1_195' title='bbox 456 3269 536 3352; x_wconf 87' lang='lat' dir='ltr'>alte,</span> <span class='ocrx_word' id='word_1_196' title='bbox 566 3271 614 3332; x_wconf 92' lang='lat' dir='ltr'>uti</span> <span class='ocrx_word' id='word_1_197' title='bbox 642 3282 776 3356; x_wconf 87' lang='lat' dir='ltr'>possent</span> <span class='ocrx_word' id='word_1_198' title='bbox 805 3273 845 3336; x_wconf 89' lang='lat' dir='ltr'>de</span> <span class='ocrx_word' id='word_1_199' title='bbox 874 3295 998 3337; x_wconf 89' lang='lat' dir='ltr'>summo</span> <span class='ocrx_word' id='word_1_200' title='bbox 1029 3272 1166 3336; x_wconf 90' lang='lat' dir='ltr'>sudibus</span> <span class='ocrx_word' id='word_1_201' title='bbox 1197 3281 1229 3337; x_wconf 90' lang='lat' dir='ltr'>et</span> <span class='ocrx_word' id='word_1_202' title='bbox 1258 3273 1414 3361; x_wconf 87' lang='lat' dir='ltr'>lapidibus</span> 
     </span>
     <span class='ocr_line' id='line_1_24' title="bbox 257 3387 1415 3479; baseline 0.003 -29"><span class='ocrx_word' id='word_1_203' title='bbox 257 3388 471 3452; x_wconf 87' lang='lat' dir='ltr'>ascendentes</span> <span class='ocrx_word' id='word_1_204' title='bbox 503 3387 671 3479; x_wconf 85' lang='lat' dir='ltr'>repellere.</span> <span class='ocrx_word' id='word_1_205' title='bbox 724 3389 818 3455; x_wconf 86' lang='lat' dir='ltr'>Tunc</span> <span class='ocrx_word' id='word_1_206' title='bbox 849 3414 927 3457; x_wconf 85' lang='lat' dir='ltr'>vero</span> <span class='ocrx_word' id='word_1_207' title='bbox 960 3413 1034 3454; x_wconf 92' lang='lat' dir='ltr'>cum</span> <span class='ocrx_word' id='word_1_208' title='bbox 1067 3389 1332 3456; x_wconf 86' lang='lat' dir='ltr'>animadversum</span> <span class='ocrx_word' id='word_1_209' title='bbox 1364 3399 1415 3471; x_wconf 85' lang='lat' dir='ltr'>est,</span> 
     </span>
     <span class='ocr_line' id='line_1_25' title="bbox 256 3505 1414 3595; baseline 0.001 -26"><span class='ocrx_word' id='word_1_210' title='bbox 256 3506 321 3569; x_wconf 90' lang='lat' dir='ltr'>alia</span> <span class='ocrx_word' id='word_1_211' title='bbox 341 3528 395 3570; x_wconf 93' lang='lat' dir='ltr'>eos</span> <span class='ocrx_word' id='word_1_212' title='bbox 417 3505 482 3569; x_wconf 91' lang='lat' dir='ltr'>tela</span> <span class='ocrx_word' id='word_1_213' title='bbox 510 3514 639 3592; x_wconf 90' lang='lat' dir='ltr'>praeter</span> <span class='ocrx_word' id='word_1_214' title='bbox 665 3507 762 3571; x_wconf 91' lang='lat' dir='ltr'>sudes</span> <span class='ocrx_word' id='word_1_215' title='bbox 789 3531 854 3572; x_wconf 91' lang='lat' dir='ltr'>non</span> <span class='ocrx_word' id='word_1_216' title='bbox 882 3509 1019 3590; x_wconf 86' lang='lat' dir='ltr'>habere,</span> <span class='ocrx_word' id='word_1_217' title='bbox 1047 3531 1153 3594; x_wconf 91' lang='lat' dir='ltr'>neque</span> <span class='ocrx_word' id='word_1_218' title='bbox 1174 3532 1271 3595; x_wconf 89' lang='lat' dir='ltr'>posse</span> <span class='ocrx_word' id='word_1_219' title='bbox 1294 3511 1414 3595; x_wconf 86' lang='lat' dir='ltr'>longius</span> 
     </span>
     <span class='ocr_line' id='line_1_26' title="bbox 211 3625 1415 3712; baseline -0.001 -22"><span class='ocrx_word' id='word_1_220' title='bbox 211 3651 238 3690; x_wconf 82' lang='grc'>11</span> <span class='ocrx_word' id='word_1_221' title='bbox 256 3645 276 3687; x_wconf 83' lang='grc'>1</span> <span class='ocrx_word' id='word_1_222' title='bbox 296 3647 389 3688; x_wconf 91' lang='lat' dir='ltr'>muro</span> <span class='ocrx_word' id='word_1_223' title='bbox 412 3633 544 3711; x_wconf 90' lang='lat' dir='ltr'>propter</span> <span class='ocrx_word' id='word_1_224' title='bbox 564 3625 693 3711; x_wconf 86' lang='lat' dir='ltr'>pondus</span> <span class='ocrx_word' id='word_1_225' title='bbox 713 3627 867 3711; x_wconf 89' lang='lat' dir='ltr'>iaculari,</span> <span class='ocrx_word' id='word_1_226' title='bbox 890 3629 1085 3712; x_wconf 89' lang='lat' dir='ltr'>imperatum</span> <span class='ocrx_word' id='word_1_227' title='bbox 1102 3635 1167 3709; x_wconf 92' lang='lat' dir='ltr'>est,</span> <span class='ocrx_word' id='word_1_228' title='bbox 1190 3628 1364 3693; x_wconf 84' lang='lat' dir='ltr'>fasciculos</span> <span class='ocrx_word' id='word_1_229' title='bbox 1381 3648 1415 3690; x_wconf 84' lang='lat' dir='ltr'>ex</span> 
     </span>
     <span class='ocr_line' id='line_1_27' title="bbox 255 3742 1415 3828; baseline 0.001 -21"><span class='ocrx_word' id='word_1_230' title='bbox 255 3744 359 3828; x_wconf 87' lang='lat' dir='ltr'>virgis</span> <span class='ocrx_word' id='word_1_231' title='bbox 382 3742 532 3827; x_wconf 85' lang='lat' dir='ltr'>alligatos</span> <span class='ocrx_word' id='word_1_232' title='bbox 561 3750 593 3807; x_wconf 90' lang='lat' dir='ltr'>et</span> <span class='ocrx_word' id='word_1_233' title='bbox 622 3743 712 3805; x_wconf 86' lang='lat' dir='ltr'>faces</span> <span class='ocrx_word' id='word_1_234' title='bbox 739 3745 891 3808; x_wconf 88' lang='lat' dir='ltr'>ardentes</span> <span class='ocrx_word' id='word_1_235' title='bbox 921 3745 963 3810; x_wconf 91' lang='lat' dir='ltr'>ad</span> <span class='ocrx_word' id='word_1_236' title='bbox 994 3767 1066 3812; x_wconf 89' lang='lat' dir='ltr'>eam</span> <span class='ocrx_word' id='word_1_237' title='bbox 1093 3747 1309 3810; x_wconf 90' lang='lat' dir='ltr'>munitionem</span> <span class='ocrx_word' id='word_1_238' title='bbox 1335 3769 1415 3810; x_wconf 86' lang='lat' dir='ltr'>aece-</span> 
     </span>
     <span class='ocr_line' id='line_1_28' title="bbox 257 3860 1414 3949; baseline -0.002 -23"><span class='ocrx_word' id='word_1_239' title='bbox 257 3861 371 3926; x_wconf 86' lang='lat' dir='ltr'>dentes</span> <span class='ocrx_word' id='word_1_240' title='bbox 401 3861 540 3924; x_wconf 90' lang='lat' dir='ltr'>mittere.</span> <span class='ocrx_word' id='word_1_241' title='bbox 592 3861 710 3949; x_wconf 79' lang='lat' dir='ltr'>Itaque</span> <span class='ocrx_word' id='word_1_242' title='bbox 747 3860 896 3926; x_wconf 89' lang='lat' dir='ltr'>celeriter</span> <span class='ocrx_word' id='word_1_243' title='bbox 924 3863 1043 3927; x_wconf 90' lang='lat' dir='ltr'>milites</span> <span class='ocrx_word' id='word_1_244' title='bbox 1074 3874 1320 3948; x_wconf 85' lang='lat' dir='ltr'>congesserunt.</span> <span class='ocrx_word' id='word_1_245' title='bbox 1374 3867 1414 3927; x_wconf 88' lang='grc'>16.</span> 
     </span>
    </p>
   </div>
   <div class='ocr_carea' id='block_1_4' title="bbox 256 3973 1414 4070">
    <p class='ocr_par' dir='ltr' id='par_1_6' title="bbox 256 3973 1414 4070">
     <span class='ocr_line' id='line_1_29' title="bbox 256 3973 1414 4070; baseline 0.001 -28"><span class='ocrx_word' id='word_1_246' title='bbox 256 3979 475 4064; x_wconf 89' lang='lat' dir='ltr'>Posteaquam</span> <span class='ocrx_word' id='word_1_247' title='bbox 497 3980 628 4043; x_wconf 89' lang='lat' dir='ltr'>flamma</span> <span class='ocrx_word' id='word_1_248' title='bbox 657 3981 745 4044; x_wconf 90' lang='lat' dir='ltr'>circa</span> <span class='ocrx_word' id='word_1_249' title='bbox 771 3980 863 4043; x_wconf 89' lang='lat' dir='ltr'>illam</span> <span class='ocrx_word' id='word_1_250' title='bbox 884 3981 1053 4043; x_wconf 90' lang='lat' dir='ltr'>materiam</span> <span class='ocrx_word' id='word_1_251' title='bbox 1077 3981 1190 4066; x_wconf 85' lang='lat' dir='ltr'>virgas</span> <span class='ocrx_word' id='word_1_252' title='bbox 1213 3973 1414 4070; x_wconf 88' lang='lat' dir='ltr'>comprehen-</span> 
     </span>
    </p>
   </div>
   <div class='ocr_carea' id='block_1_5' title="bbox 212 4096 1458 4420">
    <p class='ocr_par' dir='ltr' id='par_1_7' title="bbox 212 4096 1458 4420">
     <span class='ocr_line' id='line_1_30' title="bbox 257 4096 1414 4184; baseline -0.002 -23"><span class='ocrx_word' id='word_1_253' title='bbox 257 4099 372 4179; x_wconf 86' lang='lat' dir='ltr'>disset,</span> <span class='ocrx_word' id='word_1_254' title='bbox 408 4096 451 4162; x_wconf 88' lang='lat' dir='ltr'>ad</span> <span class='ocrx_word' id='word_1_255' title='bbox 481 4097 606 4161; x_wconf 88' lang='lat' dir='ltr'>caelum</span> <span class='ocrx_word' id='word_1_256' title='bbox 640 4099 769 4163; x_wconf 88' lang='lat' dir='ltr'>sublata</span> <span class='ocrx_word' id='word_1_257' title='bbox 804 4100 911 4163; x_wconf 87' lang='lat' dir='ltr'>effecit</span> <span class='ocrx_word' id='word_1_258' title='bbox 944 4098 1145 4184; x_wconf 89' lang='lat' dir='ltr'>opinionem,</span> <span class='ocrx_word' id='word_1_259' title='bbox 1176 4101 1226 4162; x_wconf 91' lang='lat' dir='ltr'>uti</span> <span class='ocrx_word' id='word_1_260' title='bbox 1256 4101 1414 4165; x_wconf 88' lang='lat' dir='ltr'>videretur</span> 
     </span>
     <span class='ocr_line' id='line_1_31' title="bbox 212 4213 1458 4303; baseline -0.002 -23"><span class='ocrx_word' id='word_1_261' title='bbox 212 4216 413 4280; x_wconf 80' lang='grc'><strong>1111111111</strong></span> <span class='ocrx_word' id='word_1_262' title='bbox 434 4215 537 4279; x_wconf 89' lang='lat' dir='ltr'>moles</span> <span class='ocrx_word' id='word_1_263' title='bbox 559 4215 752 4280; x_wconf 86' lang='lat' dir='ltr'>concidisse.</span> <span class='ocrx_word' id='word_1_264' title='bbox 799 4215 883 4280; x_wconf 80' lang='lat' dir='ltr'>Cum</span> <span class='ocrx_word' id='word_1_265' title='bbox 910 4225 1018 4280; x_wconf 88' lang='lat' dir='ltr'>autem</span> <span class='ocrx_word' id='word_1_266' title='bbox 1048 4238 1086 4280; x_wconf 90' lang='lat' dir='ltr'>ea</span> <span class='ocrx_word' id='word_1_267' title='bbox 1113 4239 1172 4303; x_wconf 89' lang='lat' dir='ltr'>per</span> <span class='ocrx_word' id='word_1_268' title='bbox 1199 4240 1234 4281; x_wconf 90' lang='lat' dir='ltr'>se</span> <span class='ocrx_word' id='word_1_269' title='bbox 1262 4221 1414 4284; x_wconf 85' lang='lat' dir='ltr'>exstincta</span> <span class='ocrx_word' id='word_1_270' title='bbox 1453 4213 1458 4230; x_wconf 86' lang='lat'>&#39;</span> 
     </span>
     <span class='ocr_line' id='line_1_32' title="bbox 258 4334 1412 4420; baseline -0.002 -23"><span class='ocrx_word' id='word_1_271' title='bbox 258 4341 345 4397; x_wconf 90' lang='lat' dir='ltr'>esset</span> <span class='ocrx_word' id='word_1_272' title='bbox 379 4340 411 4396; x_wconf 90' lang='lat' dir='ltr'>et</span> <span class='ocrx_word' id='word_1_273' title='bbox 442 4334 605 4418; x_wconf 89' lang='lat' dir='ltr'>requieta,</span> <span class='ocrx_word' id='word_1_274' title='bbox 640 4335 806 4420; x_wconf 90' lang='lat' dir='ltr'>turrisque</span> <span class='ocrx_word' id='word_1_275' title='bbox 838 4335 961 4397; x_wconf 87' lang='lat' dir='ltr'>intaeta</span> <span class='ocrx_word' id='word_1_276' title='bbox 994 4335 1216 4420; x_wconf 87' lang='lat' dir='ltr'>apparuisset,</span> <span class='ocrx_word' id='word_1_277' title='bbox 1257 4336 1412 4400; x_wconf 87' lang='lat' dir='ltr'>admirans</span> 
     </span>
    </p>
   </div>
   <div class='ocr_carea' id='block_1_6' title="bbox 0 0 1508 5162">
    <p class='ocr_par' dir='ltr' id='par_1_8' title="bbox 0 0 1508 5162">
     <span class='ocr_line' id='line_1_33' title="bbox 0 0 1508 5162; baseline 0 1"><span class='ocrx_word' id='word_1_278' title='bbox 0 0 1508 5162; x_wconf 95' lang='lat' dir='ltr'> </span> 
     </span>
    </p>
   </div>
  </div>
 </body>
</html>
