3008 5162
272 418 331 480 106
774 433 933 480 vrrnuvu

268 588 501 672 minimumque
524 585 610 649 aeris
632 593 664 649 et
685 586 789 670 ignis,
817 587 940 650 terreni
966 593 1147 672 temperata
1174 588 1335 652 mixtione
1355 609 1433 650 com·

267 713 412 793 paratae.
458 702 541 768 Sunt
570 705 605 766 in
632 704 786 790 operibus
814 727 888 768 oum
910 703 1117 768 fabricantur
1138 704 1257 788 lentae,
1282 713 1316 770 et
1338 705 1431 768 abuu-

200 873 205 884 .
268 825 329 888 dae
351 823 494 886 humoris
515 845 580 886 non
602 822 726 886 habent
740 824 898 907 rigorem,
921 830 954 886 et
968 823 1117 887 celeriter
1131 823 1288 908 pandant.
1336 822 1432 886 Simul

268 949 377 1005 autem
397 949 563 1007 vetustate
589 948 665 1004 sunt
695 940 808 1004 aridae
830 940 956 1022 factae,
979 950 1036 1004 aut
1054 943 1089 1005 in
1107 965 1203 1026 agro,
1226 941 1361 1028 profuso
1383 941 1432 1026 qui

237 1085 249 1124 5
268 1061 355 1123 inest
376 1060 423 1122 cis
446 1058 582 1144 liquore,
605 1066 728 1123 stantes
752 1059 926 1142 cmoritur,
949 1058 1032 1122 fiunt
1054 1061 1217 1143 duriores,
1242 1069 1274 1124 et
1297 1062 1332 1125 in
1355 1082 1431 1123 com-

268 1177 418 1241 missuris
441 1185 473 1240 et
493 1177 832 1262 coagmentationibus
854 1177 896 1241 ab
922 1176 1119 1241 lentitudine
1141 1177 1252 1242 firmas
1275 1179 1432 1265 recipiunt

269 1295 502 1359 catenationes.

357 1500 405 1561 12.
431 1497 513 1584 (57.)
537 1497 621 1562 Item
643 1497 813 1583 carpinus,
840 1498 927 1584 quod
945 1506 995 1560 est
1007 1498 1142 1584 minima
1161 1499 1249 1583 ignis
1266 1508 1299 1564 et
1316 1498 1430 1562 terreni

267 1618 441 1699 mixtione,
464 1618 549 1682 aeris
573 1626 680 1681 autem
704 1626 735 1682 et
756 1616 901 1680 humoris
922 1637 1049 1680 summa
1070 1619 1257 1681 continetur
1279 1627 1431 1704 tempera-

227 1755 252 1795 1o
268 1743 358 1817 tura,
393 1757 459 1798 non
481 1744 530 1799 est
552 1736 699 1820 fragilia,
729 1734 787 1798 sed
808 1733 909 1798 habet
930 1732 1139 1797 utilissimam
1158 1735 1430 1800 tractabilitatem.

267 1854 383 1937 Itaque
407 1853 543 1935 Graeci,
566 1853 652 1946 quod
675 1876 717 1917 ex
739 1875 778 1916 oa
800 1853 937 1916 matoria
959 1853 1037 1936 iuga
1059 1853 1212 1916 iumentis
1238 1861 1429 1941 comparant,

268 1970 356 2055 quod
386 1970 473 2055 apud
502 1990 557 2033 eos
585 1971 664 2055 iuga
692 1962 773 2052 ζυγὰ
803 1973 1003 2054 vocitantur,
1037 1973 1115 2035 item
1146 1974 1264 2053 ζυγίαν
1288 1995 1361 2036 eam
1382 1994 1429 2057 ap-

268 2087 402 2175 pellant.

354 2273 436 2361 (58.)
463 2273 537 2337 Non
559 2275 665 2337 minus
695 2282 746 2338 est
775 2272 1006 2339 admirandum
1035 2273 1075 2338 de
1103 2281 1262 2359 cupressu
1290 2281 1324 2338 et
1346 2273 1427 2360 pinu,

226 2416 251 2457 15
269 2393 356 2480 quod
377 2393 440 2458 hae
459 2393 616 2457 habentes
639 2394 784 2458 humoris
807 2393 1060 2474 abundantiam,
1086 2415 1291 2479 aequamque
1315 2401 1427 2456 cetero·

267 2535 339 2576 rum
368 2513 574 2592 mixtionem,
604 2520 737 2598 proptor
763 2512 909 2576 humoris
938 2510 1121 2574 satietatem
1153 2511 1188 2572 in
1210 2511 1363 2597 operibus
1385 2528 1427 2570 so-

270 2632 338 2695 lent
358 2653 430 2694 csse
452 2630 597 2716 pandas,
624 2631 738 2695 sedin
761 2638 958 2696 vetustatem
982 2629 1053 2691 sine
1075 2629 1166 2692 vitiis
1189 2635 1426 2703 conservantur,

270 2750 357 2835 quod
377 2749 406 2811 is
425 2747 546 2833 liquor,
571 2751 628 2834 qui
654 2751 739 2813 inest
756 2748 887 2834 penitus
912 2749 947 2810 in
969 2746 1159 2833 corporibus
1181 2769 1312 2828 earum,
1339 2744 1428 2809 habet

270 2886 416 2928 amarum
440 2887 604 2950 saporem,
633 2868 689 2952 qui
711 2874 844 2953 propter
869 2865 1085 2932 acritudinem
1107 2888 1171 2931 non
1193 2867 1318 2952 patitur
1341 2884 1427 2952 penc-

225 3007 251 3046 ro
270 2983 516 3072 trarelcariem,
538 3005 642 3069 neque
664 3005 719 3048 eas
741 2985 914 3066 bestiolas,
938 3007 1021 3070 quae
1040 2991 1116 3047 sunt
1130 2993 1298 3048 nocentes.
1342 2983 1427 3047 Ideo-

270 3123 333 3187 que
356 3122 438 3188 quae
458 3122 500 3164 ex
519 3102 570 3165 his
592 3104 768 3188 generibus
788 3126 887 3191 opera
907 3104 1163 3185 constituuntur,
1184 3109 1375 3189 permanent
1392 3095 1427 3160 ad

270 3227 434 3284 aeternam
456 3220 713 3284 diuturnitatem.

355 3426 404 3487 13.
428 3423 512 3487 Item
531 3407 657 3487 'cedrus
689 3431 721 3488 et
746 3425 915 3510 iuniperus
945 3422 1077 3487 easdem
1099 3421 1223 3486 habent
1245 3423 1380 3486 virtutes
1400 3423 1426 3478 et
1485 3509 1486 3526 ,

268 3539 443 3622 utilitates;
473 3540 531 3603 sod
550 3541 823 3625 quemadmodum
846 3564 888 3606 ex
908 3563 1063 3626 cupressu
1085 3548 1118 3602 et
1136 3541 1216 3626 pinu
1238 3541 1363 3623 resina,
1391 3553 1427 3598 ex

224 3680 250 3720 25
269 3657 365 3724 cedro
388 3658 511 3740 oleurn,
535 3659 622 3744 quod
637 3659 788 3723 oedrcum
805 3659 937 3741 (licitur,
958 3660 1120 3739 nascitur,
1145 3678 1209 3742 quo
1223 3656 1368 3744 reliquae
1382 3673 1426 3717 ros
1485 3657 1486 3676 ¹

269 3799 343 3841 cum
366 3784 441 3839 sunt
461 3785 596 3860 unctae,
619 3779 668 3841 uti
690 3779 787 3861 etiarn
806 3776 897 3860 libri,
920 3797 940 3838 a
955 3777 1052 3840 tineis
1072 3783 1105 3838 et
1122 3777 1209 3840 cario
1224 3797 1291 3840 non
1305 3774 1426 3838 laedun-

268 3903 329 3958 tur.
374 3894 512 3958 Arboris
539 3902 647 3959 autem
673 3896 743 3959 eius
771 3902 847 3960 sunt
874 3896 996 3959 similes
1023 3915 1217 3980 cupresseae
1244 3893 1425 3966 foliaturae3

267 4012 420 4076 materies
442 4033 528 4076 vena
554 4012 689 4077 directa.
734 4012 859 4098 Ephesi
886 4015 922 4076 in
949 4012 1030 4076 aede
1055 4013 1267 4075 simulacrum
1295 4011 1424 4084 Dianae,

268 4132 366 4196 etiam
388 4129 556 4194 lacunaria
585 4138 618 4194 et
643 4131 691 4195 ibi
721 4141 754 4196 et
782 4133 818 4194 in
839 4132 957 4195 ceteris
986 4128 1152 4193 nobilibus
1183 4128 1271 4192 fanis
1305 4133 1426 4214 proptor

223 4248 492 4316 coaeternitatem
515 4268 557 4312 ex
578 4268 617 4310 ea
639 4257 715 4311 sunt
737 4248 835 4312 facta.
881 4247 1068 4311 Nascuntur
1090 4252 1199 4309 autem
1220 4245 1282 4309 hao
1303 4246 1424 4310 arbores

266 4365 409 4430 maxime
431 4364 548 4428 Cretae
570 4373 604 4428 et
624 4365 760 4430 Africae
781 4375 814 4429 et
834 4363 999 4430 nonnullis
1025 4363 1140 4450 Syriae
1164 4363 1365 4449 regionibus.
