3008 5162
245 423 304 484 142
743 436 902 484 v1ruuv11

242 596 306 652 tur.
350 587 423 652 Hoc
449 596 574 671 autem,
601 596 637 652 ut
662 588 797 652 scabelli
814 589 870 687 ⁸ad
891 589 926 653 id
949 590 1184 655 convenientes
1206 591 1313 675 fiant„
1330 593 1407 655 item

244 707 279 768 in
301 713 447 769 extremo
470 702 554 770 libro
576 706 682 770 forma
704 714 736 770 11
755 706 989 772 demonstratio
1012 708 1075 772 erit
1096 709 1272 795 descripta.

700 1009 961 1106 111111.

334 1253 361 1312 1.
385 1246 466 1335 (42.)
497 1245 559 1310 His
580 1245 752 1333 perfectis,
788 1249 821 1311 in
859 1247 925 1310 suis
959 1246 1039 1312 locis
1067 1248 1174 1332 spirae
1204 1247 1410 1332 collocentur,

213 1369 371 1454 shaeque
401 1366 444 1430 ad
474 1367 698 1453 symmetriam
725 1366 772 1428 sic
797 1367 1023 1450 perficiantur,
1051 1367 1100 1429 uti
1129 1367 1315 1432 crassitudo
1337 1389 1411 1431 cum

244 1486 370 1574 plintho
393 1487 435 1550 sit
454 1485 622 1549 columnae
643 1505 686 1546 ex
710 1481 845 1547 dimidia
865 1483 1096 1566 crassitudine,
1117 1486 1411 1572 proiecturamque,

244 1628 342 1693 quam
357 1605 477 1670 Graeci
493 1594 643 1687 ἐκφορὰν
660 1603 821 1683 vocitant,
841 1599 984 1665 habeant
999 1609 1183 1666 exstantem
1202 1603 1265 1685 ita,
1287 1613 1323 1666 ut
1342 1603 1414 1666 lata

245 1735 277 1788 et
297 1726 397 1809 longa
421 1725 463 1790 sit
485 1722 654 1787 columnae
671 1718 898 1784 crassitudinis
919 1719 1016 1785 unius
1041 1727 1073 1783 et
1094 1719 1261 1784 dimidiae.
1306 1719 1414 1783 1111-

244 1844 349 1908 titudo
373 1844 461 1924 eius,
484 1843 512 1905 si
534 1841 712 1924 atticurges
735 1838 812 1920 erit,
835 1839 883 1901 ita
899 1836 1082 1916 dividatur,
1105 1846 1142 1902 ut
1164 1840 1313 1925 superior
1330 1859 1414 1923 pars

202 1987 227 2029 10
244 1962 341 2024 tertia
363 1931 455 2046 parte
475 1957 517 2021 sit
539 1954 765 2019 crassitudinis
782 1955 966 2039 columnae,
988 1955 1150 2043 reliquum
1168 1955 1294 2043 plintho
1312 1955 1414 2021 relin-

205 2050 208 2052 .
245 2087 371 2166 quatur.
415 2076 557 2161 Dempta
573 2073 698 2160 plintho
714 2073 876 2160 reliquum
894 2074 1061 2141 dividatur
1075 2075 1110 2138 in
1128 2082 1238 2163 partes
1260 2083 1411 2158 quatuor,

243 2195 365 2281 fiatque
393 2192 539 2280 superior
559 2201 648 2257 torus
671 2199 824 2278 quartae3
855 2192 1000 2277 reliquae
1021 2187 1096 2257 ¹tres
1121 2192 1303 2280 aequaliter
1329 2194 1413 2259 divi—

246 2313 379 2396 dantur,
403 2322 436 2376 et
456 2332 523 2374 una
544 2312 587 2375 sit
609 2309 745 2374 inferior
760 2318 868 2393 torus,
889 2311 993 2374 altera
1005 2333 1081 2398 pars
1097 2333 1172 2376 cum
1189 2315 1258 2376 suis
1276 2313 1412 2400 quadris

246 2435 364 2514 scotia,
388 2451 486 2519 quam
508 2428 629 2493 Graeci
650 2422 805 2512 τρόχιλον
825 2428 948 2515 dicunt.

202 2669 227 2711 15
330 2637 375 2721 (3.
400 2633 482 2719 (43.)
506 2633 564 2696 Sin
585 2640 693 2696 autem
716 2629 847 2694 Ionicae
870 2639 965 2715 crunt
988 2631 1176 2716 faciendae,
1200 2634 1411 2719 symmetriae

244 2773 355 2817 earum
389 2751 436 2814 sic
468 2758 563 2813 erunt
599 2748 860 2832 constituendae,
890 2751 939 2815 uti
970 2749 1108 2816 latitudo
1141 2752 1248 2838 spirae
1280 2773 1412 2839 quoque

245 2891 360 2937 versus
379 2867 422 2931 sit
443 2865 612 2931 columnae
633 2867 874 2950 crassitudinis,
898 2868 1026 2932 adiecta
1052 2869 1270 2933 crassitudine
1292 2877 1411 2956 quarta

245 2997 277 3052 et
299 2996 424 3052 octava.
466 2984 627 3071 Altitudo
643 2987 690 3049 ita
717 2987 767 3050 uti
794 2988 988 3070 atticurges3
1018 2988 1064 3051 ita
1092 2994 1123 3051 et
1150 2989 1218 3050 eius
1246 2986 1413 3072 plinthus,

244 3104 468 3191 reliquumque
488 3112 619 3190 praeter
639 3103 819 3188 plinthum,
847 3105 934 3190 quod
956 3107 1017 3171 erit
1036 3107 1135 3171 tertia
1155 3127 1231 3193 pars
1255 3108 1411 3173 crassitu-

200 3224 330 3290 rodinis
350 3197 535 3305 columnae,
560 3221 727 3286 dividatur
748 3222 782 3285 in
812 3232 921 3310 partes
950 3229 1089 3311 septem3
1117 3225 1195 3288 inde
1217 3225 1315 3288 trium
1336 3247 1412 3312 par-

242 3344 324 3407 tium
344 3351 450 3425 torus,
477 3341 534 3428 qui
564 3341 668 3404 estin
689 3361 831 3423 summo;
861 3343 1006 3428 reliquae
1032 3351 1171 3430 quatuor
1192 3351 1302 3429 partes
1326 3342 1412 3408 divi·

244 3457 378 3525 dendae‘
397 3468 473 3525 sunt
494 3459 688 3545 aequalitem
721 3467 754 3523 11
778 3473 845 3524 una
865 3482 941 3545 pars
964 3461 1020 3524 fiat
1046 3482 1119 3526 cum
1142 3461 1210 3526 suis
1233 3453 1411 3545 astragalis

244 3587 275 3641 et
295 3578 469 3666 supercilio
494 3576 641 3664 superior
666 3575 838 3660 trochilus,
866 3577 968 3641 altera
995 3577 1079 3663 pars
1098 3578 1247 3642 inferiori
1269 3577 1412 3642 trochilo

243 3696 459 3782 relinquatur,
489 3694 549 3759 sed
574 3695 709 3760 inferior
736 3695 839 3758 maior
866 3693 1037 3781 apparebit
1057 3693 1145 3778 ideo,
1167 3695 1254 3781 quod
1273 3693 1412 3760 habebit

111 3885 113 3890 ,
200 3840 226 3881 rs
243 3813 285 3876 ad
314 3822 492 3878 extremam
512 3783 673 3899 plinthum
695 3813 921 3898 proiecturam.
967 3811 1137 3896 Astragali
1164 3811 1309 3876 faciendi
1331 3820 1411 3876 sunt

243 3941 379 3995 octavae
395 3931 499 4016 partis
520 3928 660 4013 trochili.
704 3929 894 4008 Proiectura
922 3931 984 3994 erit
1010 3932 1118 4017 spirae
1140 3953 1218 4018 pars
1237 3939 1356 3996 octava
1381 3939 1411 3994 et

243 4056 337 4112 sexta
358 4048 485 4113 decima
506 4068 582 4134 pars
605 4045 833 4113 crassitudinis
851 4049 1030 4116 columnae.

326 4255 357 4312 4.
382 4249 465 4335 (44.)
490 4246 593 4336 Spiris
613 4248 768 4336 perfectis
796 4257 828 4314 et
854 4248 1020 4315 collocatis
1048 4251 1217 4315 columnae
1240 4257 1317 4316 sunt
1341 4273 1409 4314 me-

242 4365 362 4432 dianae
387 4366 423 4428 in
447 4385 570 4450 pronao
597 4373 630 4429 11
660 4367 786 4451 postico
812 4366 854 4429 ad
881 4367 1150 4454 perpendiculum
1176 4366 1278 4438 medii
1302 4368 1409 4433 centri
