3028 5164
278 507 339 568 238
646 517 648 524 ’
780 523 939 570 v1rnuvr1

276 1030 421 1116 pidario,
451 1052 573 1116 eaeque
600 1052 697 1116 quam
722 1030 808 1094 latae
836 1029 959 1093 fuerint
966 1079 975 1112 ,
1005 1038 1129 1120 tantam
1157 1029 1365 1092 altitudinem
1396 1030 1457 1094 lra-

247 1123 376 1212 ⁵b⁰eant
397 1147 440 1210 ad
468 1149 566 1210 imam
595 1156 802 1212 curvaturam
825 1148 1074 1234 hemisphaerii3
1103 1147 1313 1234 mediumque
1337 1147 1455 1212 lumen

276 1267 311 1328 in
337 1266 574 1352 hemisphaerio
602 1266 819 1353 relinquatur,
845 1287 886 1329 ex
908 1287 1011 1351 eoque
1033 1264 1184 1350 clypeum
1203 1287 1341 1329 aeneum
1364 1275 1455 1329 cate-

276 1383 328 1446 nis
347 1383 503 1468 pendeat,
531 1406 590 1469 per
618 1385 710 1447 euius
734 1384 941 1448 reductiones
967 1392 1000 1446 et
1024 1382 1238 1446 demissiones
1260 1384 1455 1470 perficietur

278 1500 460 1565 sudationis
486 1509 721 1587 temperatura3
750 1481 922 1588 ipsumque
952 1500 995 1563 ad
1018 1500 1176 1564 circinum
1207 1501 1276 1564 fieri
1299 1512 1454 1588 oportere

278 1618 423 1701 videtur,
454 1628 490 1682 ut
515 1618 695 1704 aequaliter
722 1641 742 1680 a
769 1619 876 1682 medio
906 1617 1057 1681 flammae
1087 1619 1282 1704 vaporisque
1310 1623 1363 1683 vis
1393 1644 1455 1706 per

235 1752 260 1792 10
278 1746 474 1801 curvaturae
495 1736 741 1800 rotundationes
763 1715 972 1822 pervagetur.

590 1983 606 2006 .
645 1937 717 2002 OA
732 1937 758 1999 P
774 1936 849 2000 UT
879 1935 959 2000 XII.
987 1937 1080 2024 (ΧΙ.)

364 2094 391 2152 1.
422 2089 504 2174 (78.)
539 2088 635 2153 Nunc
661 2089 741 2192 mihi
775 2088 922 2171 videtur,
956 2091 1088 2153 tametsi
1120 2112 1186 2168 non
1219 2091 1285 2154 sint
1309 2091 1450 2156 Italicae

278 2208 524 2274 consuetudinis
546 2206 783 2294 palaestrarum
811 2205 1073 2289 aedificationes,
1096 2207 1233 2271 traditas
1258 2218 1372 2272 tamen
1396 2231 1451 2272 ex-

277 2327 416 2415 plicare,
443 2335 476 2389 et
498 2325 770 2412 quemadmodum
793 2324 880 2410 apud
902 2324 1046 2390 Graecos
1072 2327 1328 2408 constituantur,
1358 2349 1451 2390 mon-

236 2465 261 2504 15
279 2455 392 2510 strare.
439 2443 522 2531 (79.)
551 2443 591 2506 In
619 2442 790 2528 palaestris
819 2443 991 2529 peristylia
1017 2442 1178 2528 quadrata
1205 2445 1275 2506 sive
1305 2443 1451 2528 oblonga

276 2566 323 2628 ita
342 2572 418 2627 sunt
440 2562 608 2641 facienda,
632 2563 680 2625 uti
700 2561 837 2624 duorum
856 2559 1035 2624 stadiorum
1052 2558 1196 2625 habeant
1215 2559 1451 2624 ambulationis

215 2657 217 2660 Ι
277 2682 518 2761 circuitionem,
552 2678 639 2765 quod
670 2678 790 2742 Graeci
822 2687 942 2742 vocant
969 2679 1126 2762 δίαυλον,
1159 2701 1201 2742 ex
1228 2678 1349 2765 quibus
1382 2687 1450 2741 tres

277 2800 421 2887 porticus
449 2796 612 2883 simplices
643 2795 873 2883 disponantur,
903 2805 1034 2882 quarta,
1063 2818 1147 2883 quae
1177 2796 1220 2859 ad
1246 2795 1449 2860 meridianas

234 2995 237 3002 Ι
278 2919 430 3000 regiones
455 2922 504 2979 est
526 2935 702 2996 conversa,
729 2914 868 3000 duplex,
896 2915 945 2978 uti
967 2937 1041 2978 cum
1058 2923 1267 3002 tempestates
1289 2922 1448 2979 ventosae

235 3051 261 3090 ro
278 3033 358 3114 sint,
387 3054 451 3097 non
480 3033 584 3118 possit
609 3055 747 3118 aspergo
770 3034 805 3095 in
826 3033 1014 3097 interiorem
1036 3042 1160 3120 partem
1185 3033 1370 3120 pervenire.
1417 3034 1446 3092 2.

278 3149 527 3215 Constituantur
556 3158 664 3213 autem
694 3153 727 3213 in
759 3151 865 3214 tribus
894 3151 1073 3238 porticibus
1101 3150 1242 3214 exedrae
1271 3153 1446 3236 spatiosae,

276 3268 433 3333 habentes
467 3268 577 3350 sedes,
614 3269 649 3330 in
681 3267 799 3353 quibus
835 3267 1036 3354 philosophi,
1069 3267 1214 3332 rhetores
1251 3267 1446 3353 reliquique,

277 3389 333 3474 qui
356 3386 473 3449 studiis
497 3384 715 3468 delectantur,
745 3387 896 3450 sedentes
925 3387 1091 3472 disputare
1118 3388 1256 3472 possint.
1302 3385 1383 3470 (80.)
1407 3384 1446 3445 In

278 3504 402 3592 duplici
422 3513 531 3569 autem
553 3505 682 3590 porticu
701 3504 900 3569 collocentur
921 3504 1002 3568 haec
1019 3504 1181 3568 membra:
1206 3503 1388 3590 ephebeum
1411 3504 1446 3564 in

235 3645 261 3686 25
278 3621 401 3704 medio,
424 3620 485 3686 hoo
513 3629 622 3685 autem
643 3631 694 3685 est
718 3621 840 3686 exedra
867 3620 1069 3706 amplissima
1091 3643 1165 3684 cum
1190 3620 1339 3703 sedibus,
1360 3641 1444 3707 quae

278 3741 374 3804 tertia
405 3747 498 3825 parte
530 3737 658 3824 longior
693 3739 735 3801 sit
769 3761 865 3824 quam
901 3737 985 3819 lata3
1019 3738 1081 3802 sub
1113 3738 1229 3802 dextra
1259 3758 1443 3824 coryceum,

278 3858 396 3922 deinde
417 3859 566 3942 proxime
590 3858 813 3939 conisterium,
843 3879 863 3920 a
887 3856 1060 3921 conisterio
1087 3857 1121 3918 in
1143 3877 1279 3918 versura
1298 3857 1442 3942 porticus

189 4047 198 4066 .
277 3939 400 4060 frigida
423 3975 559 4058 lavatio,
589 3997 686 4062 quam
714 3975 833 4040 Graeci
860 3973 1006 4058 λοῦτρον
1027 3974 1188 4055 vocitant,
1213 3972 1255 4036 ad
1279 3975 1442 4037 sinistram

277 4092 414 4180 ephebei
445 4092 692 4174 elaeothesium,
725 4093 873 4177 proxime
899 4100 1008 4155 autem
1043 4091 1275 4155 elaeothesium
1309 4087 1442 4174 frigida-

128 4289 151 4302 „
236 4228 262 4268 ³0
277 4212 378 4294 rium,
400 4210 442 4275 ab
466 4232 567 4296 eoque
588 4211 651 4273 iter
672 4210 708 4272 in
727 4200 942 4302 propnigeum
964 4211 998 4273 in
1018 4231 1156 4276 versura
1178 4209 1340 4308 porticus,
1371 4227 1441 4293 proj

277 4329 368 4391 xima
387 4335 496 4390 autern
516 4327 675 4390 introrsus
695 4348 712 4388 e
734 4327 867 4409 regione
889 4327 1054 4410 frigidarii
1076 4326 1253 4391 collocetur
1278 4345 1442 4390 concame-

277 4455 350 4507 rata
379 4445 506 4506 sudatio
535 4444 738 4527 longitudine
764 4443 887 4527 duplex
913 4466 1011 4528 quam
1038 4443 1194 4526 latitudo,
1224 4465 1307 4528 quae
1327 4441 1442 4506 habeat
