3006 5170
263 425 304 490 52
766 433 924 482 vrrnuvu

262 593 360 657 nibus
387 600 420 655 et
448 589 618 654 sacrificiis
648 595 798 669 evocata,
827 587 869 650 ab
898 589 1016 651 timore
1039 586 1269 652 incendiorum
1292 585 1462 650 aedificia
1491 593 1492 600 ’

264 709 440 775 videantur
467 707 619 790 liberari3
656 705 774 769 Martis
797 726 874 768 vero
900 705 1057 769 divinitas
1082 693 1155 769 cum
1175 708 1219 770 sit
1242 715 1339 769 extra
1363 727 1459 767 moe-

266 829 322 891 nie
344 828 510 908 dedicata,
533 848 599 890 non
620 826 682 889 erit
704 826 790 887 inter
812 824 902 888 cives
926 825 1090 909 armigera
1113 823 1293 906 dissensio,
1324 823 1389 886 sed
1412 824 1459 885 ab

182 951 186 959 '
267 944 417 1009 hostibus
435 966 474 1007 ea
496 941 757 1007 defensaebclli
776 941 922 1028 periculo
938 941 1156 1008 conservabit.
1186 944 1216 1005 2.
1231 941 1316 1005 Item
1332 941 1461 1005 Cereri
1492 903 1493 994 i

237 1071 360 1126 cextra
379 1061 494 1125 urbem
516 1060 605 1144 loeo,
643 1082 706 1146 quo
730 1061 863 1124 minimo
887 1073 1016 1148 semper
1039 1059 1205 1143 homines,
1228 1061 1295 1124 nisi
1314 1083 1380 1146 per
1403 1083 1459 1124 sa-

267 1180 442 1262 crificium,
475 1201 609 1244 necesse
636 1178 781 1242 habeant
809 1177 917 1258 adire,
950 1199 1024 1242 cum
1049 1179 1219 1264 religiose,
1253 1189 1347 1242 caste
1380 1202 1459 1243 san-

268 1299 393 1383 ctisque
421 1295 569 1360 moribus
607 1298 635 1359 is
667 1295 768 1361 locus·
793 1295 914 1360 debeat
948 1298 1044 1360 tueri.
1092 1295 1287 1382 Ceterisque
1318 1297 1391 1360 diis
1418 1297 1460 1360 ad
1493 1307 1494 1332 ¹

269 1414 501 1479 sacrificiorum
519 1416 665 1480 rationes
687 1423 783 1502 aptae
807 1413 939 1499 templis
962 1437 1058 1479 areae
1086 1425 1163 1480 sunt
1185 1409 1460 1479 distribuendae.

318 1620 320 1624 .
355 1535 436 1622 (64.)
460 1534 513 1598 De
530 1533 611 1620 ipsis
634 1515 743 1598 autem
761 1533 899 1616 aedibus
919 1534 1022 1596 sacris
1038 1533 1199 1597 faciendis
1218 1541 1250 1596 et
1271 1533 1312 1596 de
1336 1555 1457 1596 earum

227 1675 253 1715 ro
269 1654 484 1740 symmetriis·
505 1654 540 1715 in
571 1653 667 1717 tertio
701 1662 733 1716 et
759 1661 880 1739 quarto
912 1651 1093 1718 volumino,
1111 1650 1248 1715 reddam
1280 1649 1458 1734 ratione55

270 1775 347 1858 quia
375 1773 424 1833 in
437 1768 580 1832 secundo
608 1771 718 1833 visum
748 1779 798 1833 est
823 1769 904 1833 mihi
925 1771 1068 1857 primum
1091 1769 1131 1832 de
1155 1778 1222 1833 mat
1209 1771 1313 1833 toriae
1336 1772 1458 1857 copiis

270 1909 353 1974 quae
384 1887 420 1949 in
448 1885 607 1948 aedificiis
634 1895 710 1950 sunt
731 1888 916 1974 parandae,
941 1889 1068 1976 quibus
1103 1889 1169 1954 sint
1202 1889 1307 1951 virut
1257 1888 1460 1952 tutibust
1428 1897 1460 1951 et

271 2025 368 2089 quem
389 1971 534 2065 babeant
521 2011 667 2088 tusum,
694 2028 877 2092 exponere3
912 2007 1032 2070 deinde
1055 2027 1259 2071 commensus
1282 2005 1457 2070 aedificio-

272 2146 360 2205 rum,
394 2124 604 2206 ordines,
640 2132 671 2188 et
699 2147 820 2209 genera
843 2125 974 2210 singule
994 2125 1270 2212 symmetriarum
1279 2146 1456 2210 peragere,

193 2323 197 2332 Ι
232 2260 257 2300 rs
274 2250 307 2305 et
326 2243 361 2304 in
382 2241 520 2326 singulis
542 2241 766 2308 voluminibus
790 2246 966 2330 calilicare.
1134 2223 1137 2230 ι
