3006 5170
264 435 305 498 38
763 441 922 490 VITRUVII

265 598 450 687 polygonus
479 604 555 661 sunt
576 594 765 677 iaciendae3
794 593 971 680 quadratas
992 595 1081 659 enim
1101 593 1275 658 machinae
1298 593 1461 657 celerius

267 717 450 802 dissipant,
472 714 560 801 quod
581 712 719 799 angulos
743 715 862 778 arietes
883 713 1051 778 tundendo
1073 714 1249 797 frangunt3
1273 713 1310 775 in
1335 719 1462 777 rotun-

264 834 453 902 dationibus
486 841 595 897 autem
610 833 674 916 ⁸uti
706 853 829 896 cuneus
860 831 903 895 ad
933 840 1080 896 centrum
1108 830 1274 924 adigendo
1308 828 1460 894 laedere

264 976 329 1019 non
352 959 499 1042 possunt.

234 1162 247 1202 s
348 1138 432 1203 Item
461 1139 657 1202 munitiones
689 1138 774 1202 muri
802 1138 1004 1223 turriumque
1028 1136 1207 1224 aggeribus
1242 1137 1458 1200 coniunctae

263 1260 406 1323 maxime
438 1265 514 1322 sunt
541 1257 695 1340 tutiores,
730 1255 818 1344 quod
841 1279 947 1342 neque
969 1257 1105 1336 arietes,
1137 1277 1245 1343 neque
1273 1255 1457 1320 suffossio·

264 1401 338 1461 nes,
362 1399 469 1464 neque
487 1374 658 1441 machinae
681 1383 808 1440 ceterae
827 1376 874 1440 eis
890 1374 1002 1440 valent
1016 1397 1145 1439 nocere.
1186 1378 1216 1439 6.
1237 1372 1304 1438 Sed
1323 1376 1456 1438 nonin

263 1496 414 1562 omnibus
446 1495 527 1561 locis
558 1505 607 1560 est
634 1495 765 1580 aggeris
794 1495 877 1560 ratio
906 1492 1076 1577 facienda,
1113 1494 1177 1558 nisi
1199 1493 1322 1580 quibus
1347 1502 1456 1557 extra

262 1637 390 1680 murum
410 1638 452 1681 ex
470 1613 536 1680 alto
553 1612 624 1679 loeo
637 1612 735 1701 plano
748 1613 832 1700 pede
852 1634 1004 1677 accessus
1021 1612 1121 1677 fuerit
1135 1611 1178 1676 ad
1191 1613 1324 1675 moenia
1339 1634 1453 1699 oppu-

222 1753 246 1792 ιο
262 1732 406 1818 grande.
437 1733 648 1818 (45.)1taque
668 1735 702 1797 in
719 1730 879 1797 eiusmodi
896 1731 977 1795 locis
997 1732 1138 1816 primum
1161 1730 1270 1794 fossae
1289 1739 1376 1794 sunt
1403 1731 1451 1793 fa-

263 1848 399 1913 ciendae
415 1841 646 1914 latitudinibus
663 1857 695 1913 et
710 1848 940 1914 altitudinibus
955 1871 1053 1937 quam
1073 1848 1299 1936 amplissimis3
1319 1848 1451 1912 deinde

209 2013 212 2018 -
263 1966 510 2032 fundamentum
524 1967 609 2031 muri
622 1967 870 2053 deprimendum
888 1977 937 2032 est
952 1969 1039 2032 intra
1053 1968 1183 2031 alveum
1203 1966 1332 2050 fossae,
1357 1977 1398 2032 et
1416 1969 1449 2032 id

228 2059 246 2071 'V
263 2086 499 2151 exstruendum
522 2095 572 2150 est
596 2108 635 2150 ea
656 2086 891 2170 crassitudine,
913 2095 949 2150 ut
971 2108 1052 2174 opus
1075 2094 1241 2149 terrenum
1264 2085 1368 2149 facile
1395 2110 1446 2150 su-

264 2205 433 2270 stineatur.
468 2209 498 2270 7.
521 2204 604 2268 Item
622 2204 776 2268 interiore
797 2213 890 2292 parte
914 2203 1164 2269 substructionis
1186 2203 1445 2268 fundamentum

222 2351 246 2393 15
264 2322 389 2388 distans
414 2324 457 2389 ab
489 2325 651 2389 exteriore
675 2323 836 2388 introrsus
862 2322 969 2411 amplo
992 2323 1096 2409 spatio
1122 2323 1188 2405 ita,
1214 2323 1264 2386 uti
1287 2322 1443 2389 cohortes

262 2444 391 2530 possint
419 2442 714 2530 quaemadmodum
743 2442 778 2506 in
809 2444 881 2506 acie
910 2443 1090 2507 instructas
1118 2440 1162 2504 ad
1191 2439 1442 2508 defendendum

263 2583 362 2649 supra
399 2561 606 2627 latitudinem
646 2563 778 2647 aggeris
811 2561 1000 2626 consistere.
1056 2557 1139 2623 Cum
1172 2568 1281 2624 autem
1318 2562 1441 2627 funda-

264 2687 374 2756 menta
395 2680 442 2741 ita
464 2679 622 2743 distantia
643 2681 729 2745 inter
755 2701 790 2744 se
820 2679 943 2743 fuerint
964 2678 1158 2762 constituta,
1193 2688 1271 2744 tunc
1290 2680 1382 2744 inter
1404 2704 1441 2745 ea

266 2796 332 2859 alia
352 2805 560 2879 transversa,
593 2798 766 2863 coniuncta
795 2798 950 2862 exteriori
985 2806 1017 2861 et
1039 2799 1187 2862 interiori
1208 2797 1438 2884 fundamento,

220 2944 246 2984 20
264 2914 456 3001 pectinatim
502 2916 678 3003 disposita,
721 2916 993 3003 quemadmodum
1031 2937 1141 2980 serrae
1178 2915 1293 2980 dentes
1331 2919 1440 2982 solent

264 3055 354 3117 esse,
384 3032 593 3099 collocentur.
640 3033 724 3100 Cum
750 3035 836 3099 enim
859 3036 907 3100 sic
931 3035 995 3098 erit
1012 3034 1156 3118 factum,
1190 3043 1268 3098 tunc
1290 3037 1339 3098 ita
1363 3059 1439 3102 one·

264 3152 310 3218 ris
334 3153 456 3216 terreni
478 3153 670 3238 magnitudo
691 3153 867 3218 distributa
888 3153 924 3216 in
945 3174 1064 3240 parvas
1087 3160 1214 3239 partes,
1236 3175 1344 3239 nuque
1367 3158 1438 3219 uni-

264 3292 359 3337 verso
379 3271 524 3357 pondere
551 3293 702 3358 premens
729 3272 849 3357 poterit
872 3269 964 3334 nulla
992 3272 1119 3336 ratione
1147 3272 1323 3336 extrudere
1352 3277 1438 3340 muri

266 3389 534 3455 substructiones.

221 3587 247 3628 2⁵
351 3559 380 3621 8.
405 3557 489 3643 (46.)
511 3557 565 3620 De
593 3557 664 3644 ipso
693 3567 803 3622 autem
831 3577 943 3639 muro,
987 3580 1004 3621 e
1031 3579 1096 3644 qua
1123 3558 1261 3624 materia
1292 3567 1436 3628 struatur

266 3683 324 3740 aut
346 3674 550 3762 perficiatur,
572 3676 647 3740 ideo
662 3683 793 3740 nonest
810 3673 1080 3762 praefiniendum,
1101 3676 1189 3762 quod
1203 3699 1269 3742 non
1284 3679 1435 3744 omnibus

265 3791 362 3876 locis,
396 3815 476 3879 quas
506 3802 655 3880 optamus
678 3795 790 3880 copias
798 3843 807 3876 ,
841 3814 898 3857 eas
920 3813 1094 3878 possumus
1117 3792 1247 3859 habere.
1294 3795 1360 3861 Sed
1377 3799 1434 3863 ubi

268 3919 343 3975 sunt
367 3931 449 3974 saxa
476 3913 655 3999 quadrata,
688 3914 758 3978 sive
781 3913 881 3996 silex,
913 3935 971 3976 seu
992 3920 1211 3992 caementum,
1245 3922 1302 3985 aut
1324 3926 1433 3982 coctus

266 4028 350 4093 later
375 4028 445 4093 sive
474 4031 611 4114 crudus,
644 4033 695 4096 his
724 4034 785 4096 erit
812 4031 979 4096 utendum.
1025 4031 1099 4096 Non
1127 4031 1230 4115 enim,
1257 4033 1306 4096 uti
1325 4034 1432 4122 Baby—

223 4171 248 4210 ao
266 4147 341 4222 lone
362 4146 568 4214 abundantes
596 4149 721 4235 liquido
742 4149 919 4232 bitumine,
951 4173 1011 4237 pro
1033 4149 1175 4214 calceet
1197 4172 1312 4235 arena,
1340 4175 1376 4217 eo
1400 4162 1432 4217 et

266 4274 358 4330 coeto
386 4265 488 4330 latere
516 4266 640 4330 iactum
664 4266 786 4332 habent
813 4290 957 4353 murum,
991 4269 1038 4332 sic
1062 4269 1141 4332 item
1162 4278 1301 4356 possunt
1322 4293 1428 4338 omnes

266 4383 417 4468 regiones
446 4403 505 4446 seu
531 4383 669 4448 locorum
693 4386 909 4471 proprietates
937 4385 1058 4452 habere
1080 4395 1191 4452 tantas
1212 4389 1358 4454 eiusdem
1377 4413 1428 4476 ge·
