3028 5164
265 409 325 474 178
657 451 661 459 .
764 418 923 466 vrrauvn

263 578 358 670 plura
378 583 411 640 et
431 573 596 640 crebriora
612 574 707 657 signa
722 571 887 656 tangendo
906 571 1030 634 maiore
1047 571 1140 636 visus
1155 570 1352 634 circuitione
1372 588 1456 654 per-

264 703 415 780 vagatur.
460 693 608 779 Namque
632 692 659 754 si
682 691 765 754 duae
788 691 958 753 columnae
980 709 1083 775 aeque
1106 709 1236 752 crassae
1258 686 1363 750 lineis
1387 687 1457 748 cir-

266 813 532 894 cummetientur,
556 833 573 874 e
596 807 714 895 quibus
741 831 808 872 nna
831 809 961 872 sitnon
983 809 1099 872 striata
1125 815 1157 870 et
1185 806 1289 870 altera
1311 805 1455 886 striata,

267 940 299 996 et
325 933 413 995 eirea
442 927 618 1012 strigilium
646 949 729 992 cava
759 935 791 990 et
824 925 961 1011 angulos
994 927 1147 989 striarum
1180 924 1267 989 linea
1301 945 1457 1011 corpora

236 1057 396 1133 stangan,
420 1047 550 1110 tametsi
572 1045 742 1110 columnae
765 1050 867 1134 ae'que
890 1066 1020 1108 crassae
1034 1045 1179 1126 fuerint,
1207 1043 1330 1134 lineae,
1360 1063 1456 1128 quae

246 1166 486 1234 ‚circumdatae
519 1172 630 1246 erunt,
664 1185 730 1226 non
762 1170 857 1226 erunt
890 1161 1061 1248 aequales3
1096 1160 1183 1248 quod
1219 1164 1380 1225 striarum
1421 1169 1457 1222 et

267 1269 441 1368 strigilium
463 1283 618 1346 circuitus
641 1281 798 1344 maiorem
821 1279 923 1368 eflicit
952 1282 1058 1344 lineae
1081 1279 1332 1363 longitudinem.
1389 1279 1455 1343 Sin

266 1410 375 1466 autem
395 1401 456 1465 hoc
479 1401 525 1462 ita
546 1385 731 1480 videbitur,
755 1420 820 1461 non
843 1405 892 1461 est
914 1398 1057 1462 alienum
1080 1399 1114 1461 in
1131 1399 1279 1482 angustis
1301 1398 1393 1462 locis
1421 1405 1456 1460 et

266 1521 301 1582 in
337 1518 490 1583 concluso
529 1519 634 1603 spatio
668 1516 858 1600 graciliores
895 1516 1118 1580 columnarum
1160 1515 1371 1601 symmetrias
1415 1516 1454 1576 in

227 1659 364 1724 mopere
393 1637 607 1718 constituere,
641 1657 714 1698 cum
744 1634 922 1698 habeamus
954 1634 1147 1698 adiutricem
1177 1634 1329 1698 striarum
1361 1643 1456 1698 tem·
1506 1643 1507 1698 l

267 1764 462 1842 peraturam.
1506 1729 1507 1790 l

353 2043 383 2102 l.
412 2039 493 2126 (41.)
521 2039 631 2126 Ipsius
659 2048 769 2103 autem
792 2039 893 2103 cellae
916 2039 1076 2124 parietum
1106 2039 1357 2104 crassitudinem
1384 2063 1451 2128 pro

268 2169 340 2223 rata
360 2157 452 2245 parte
473 2157 711 2242 magnitudinis
734 2157 806 2220 fieri
832 2165 972 2242 oportet,
997 2155 1074 2220 dum
1097 2165 1193 2221 antae
1216 2179 1329 2221 eorum
1351 2181 1449 2222 cras-

270 2277 468 2342 situdinibus
490 2275 712 2340 columnarum
732 2277 798 2339 sint
819 2274 983 2361 aequales.
1029 2274 1073 2336 Et
1100 2276 1127 2337 si
1155 2277 1313 2340 exstructi
1336 2278 1449 2340 futuri

228 2418 252 2458 15
270 2405 361 2480 sunt,
387 2418 484 2482 quam
506 2395 733 2459 minutissimis
757 2391 937 2458 caementis
952 2403 1137 2476 struantur3
1160 2395 1338 2490 sinautem
1361 2419 1448 2482 qua-

271 2514 362 2578 drato
386 2535 466 2577 saxo
486 2522 542 2577 aut
563 2534 738 2595 marmore,
763 2514 905 2576 maxime
927 2511 1065 2574 modicis
1087 2511 1287 2604 paribusque
1307 2513 1450 2578 videtur

270 2653 341 2694 esse
364 2629 567 2711 faciendum,
591 2629 678 2715 quod
700 2630 809 2693 media
833 2636 1027 2714 coagmenta
1051 2628 1152 2692 medii
1181 2629 1308 2715 lapides
1337 2633 1449 2695 eonti-

270 2757 384 2812 nentes
405 2747 579 2810 firmiorem
603 2745 725 2810 facient
746 2747 851 2810 omnis
875 2749 982 2830 operis
1004 2747 1255 2832 perfectionem
1278 2749 1357 2811 item
1381 2753 1446 2814 cir-

270 2886 343 2927 cum
376 2867 576 2946 coagmenta
602 2872 635 2926 et
672 2864 794 2928 cubilia
830 2865 1009 2927 eminentes
1045 2868 1270 2952 expressiones
1306 2869 1447 2954 graphi-

228 3007 254 3046 oo
271 2989 413 3045 ceteram
433 2979 577 3045 efficient
598 2983 633 3045 in
651 2991 786 3067 aspectu
806 2981 1063 3046 delectationem.

720 3297 913 3364 CAPUT
944 3295 984 3362 V.

357 3539 385 3599 1.
423 3536 504 3622 (42.)
537 3536 699 3619 Regiones
733 3544 856 3618 autem,
893 3557 974 3622 quas
1009 3535 1130 3601 debent
1160 3546 1306 3623 spectare
1340 3539 1444 3604 aedes

270 3677 382 3718 sacrae
406 3654 542 3718 deorum
569 3654 818 3737 immortalium,
850 3655 897 3718 sic
917 3663 1013 3718 erunt
1035 3654 1298 3738 constituendae,
1322 3657 1388 3734 uti.
1414 3659 1443 3720 si

269 3771 360 3836 nulla
381 3773 463 3836 ratio
482 3772 667 3860 impedierit
687 3771 854 3859 liberaque
874 3773 973 3836 fuerit
993 3781 1156 3858 potestas,
1179 3773 1272 3837 aedis
1295 3775 1442 3859 signum-

228 3921 255 3961 25
271 3912 351 3978 que,
376 3889 463 3975 quod
491 3892 553 3954 erit
585 3891 619 3953 in
639 3865 722 3954 cella
755 3891 963 3974 collocatum,
997 3898 1122 3976 spectet
1148 3890 1191 3953 ad
1217 3891 1441 3977 vespertinam

272 4005 355 4070 caeli
376 4008 559 4092 regionem3
588 4017 624 4071 ut
654 4011 712 4094 qui
740 4009 880 4074 adierint
906 4009 949 4073 ad
971 4031 1062 4072 aram
1082 4007 1288 4090 immolantes
1310 4017 1369 4072 aut
1390 4031 1441 4074 sa·

272 4124 394 4188 crificia
409 4124 566 4189 facientes
574 4175 583 4209 ,
606 4136 752 4213 spectent
767 4128 810 4192 ad
826 4136 952 4214 partem
968 4128 1050 4191 caeli
1064 4128 1199 4191 orientis
1217 4126 1441 4209 simulacrum,

272 4243 359 4328 quod
378 4245 440 4308 erit
461 4246 497 4308 in
515 4245 614 4328 aede3
643 4254 674 4309 et
695 4247 743 4309 ita
762 4255 839 4310 vota
863 4247 1077 4332 suscipientes
1101 4254 1318 4310 contueantur
1339 4245 1442 4310 iidem

273 4366 305 4422 et
326 4360 480 4424 orientem
505 4363 645 4444 caelum,
680 4365 815 4452 ipsaque
847 4363 1022 4430 simulacra
1051 4363 1228 4429 videantur
1257 4366 1441 4428 exorientia
