3028 5164
250 501 311 562 242
750 503 908 552 vrrnuvu

249 667 407 731 utilitates
426 664 582 730 videntur
599 661 730 726 habere.
777 657 909 722 Circum
925 655 1013 720 enim
1032 656 1179 740 porticus
1201 653 1271 718 sive
1288 651 1435 718 navalia

251 793 327 848 sunt
347 782 517 865 facienda,
550 782 621 844 sive
644 801 686 842 ex
710 775 891 862 porticibus
913 773 1023 837 aditus
1043 772 1086 836 ad
1114 773 1274 859 emporia3
1301 779 1442 876 turres--

251 925 313 989 que
335 924 377 966 ex
400 910 538 987 utraque
561 906 654 986 parte
683 894 908 975 collocandae,
932 891 1113 976 exquibus
1136 898 1271 953 catenae
1293 886 1429 952 traduci

249 1044 310 1109 per
329 1020 499 1084 machinas
521 1017 658 1105 possint.

222 1336 234 1374 s
338 1308 368 1369 2.
390 1303 473 1391 (85.)
498 1300 557 1367 Sin
587 1310 696 1364 autem
719 1321 785 1363 non
808 1297 991 1360 naturalem
1012 1294 1119 1358 locum
1142 1315 1249 1380 neque
1269 1293 1430 1357 idoneum

252 1424 295 1488 ad
321 1421 462 1488 tuendas
491 1419 533 1484 ab
559 1395 806 1506 tempestatibus
836 1438 938 1480 naves
967 1414 1269 1497 habuerimus,.ita
1293 1412 1433 1478 videtur

254 1565 326 1607 esse
349 1540 556 1622 faciendum,
579 1540 628 1602 uti
650 1539 679 1600 si
701 1536 826 1600 nullum
847 1535 968 1599 flumen
991 1535 1026 1597 in
1047 1531 1099 1596 his
1122 1533 1202 1596 locis
1224 1531 1432 1618 impedierit,

254 1661 311 1726 sed
335 1661 397 1725 erit
428 1681 470 1723 ex
496 1679 563 1723 una
592 1666 686 1744 parte
709 1657 823 1738 statio,
851 1663 929 1720 tunc
952 1675 994 1717 ex
1015 1652 1118 1717 altera
1138 1660 1231 1740 parte
1252 1649 1432 1714 structuris

254 1781 325 1846 sive
346 1777 536 1864 aggeribus*
552 1775 770 1863 expediantur
795 1795 1005 1860 progressus,
1039 1781 1071 1837 et
1102 1776 1149 1835 ita
1170 1769 1432 1836 conformandae

214 1921 237 1961 ro
254 1906 407 1986 portuum
430 1893 667 1959 conclusiones.
714 1893 795 1978 (86.)
819 1891 892 1956 Hae
921 1899 1031 1955 autem
1056 1899 1254 1971 structurae,
1279 1909 1363 1974 quae
1392 1889 1431 1949 in

255 2037 341 2102 aqua
364 2022 441 2078 sunt
459 2012 606 2094 futurae,
630 2010 785 2074 videntur
813 2011 860 2074 sic
890 2031 961 2074 esse
991 2009 1180 2093 faciendae,
1208 2008 1256 2072 uti
1278 2014 1430 2094 portetur

254 2133 406 2222 pulvisa
430 2130 636 2216 regionibus,
660 2152 743 2217 quae
767 2136 843 2194 sunt
871 2151 891 2193 a
916 2129 1028 2194 Gumis
1051 2128 1267 2193 continuatae
1287 2125 1330 2189 ad
1353 2147 1431 2212 pro-

255 2251 452 2317 montorium
474 2243 662 2331 Minervae,
692 2249 786 2334 isque
816 2247 1007 2329 misceatur,
1040 2247 1089 2309 uti
1115 2247 1149 2309 in
1177 2245 1330 2310 mortario
1362 2243 1430 2307 duo

256 2370 298 2434 ad
318 2391 419 2432 unum
440 2343 670 2455 respondeant.
716 2370 746 2431 3.
775 2365 907 2430 Deinde
932 2373 1011 2429 tunc
1041 2365 1076 2429 in
1104 2387 1142 2429 eo
1169 2365 1254 2446 loco,
1286 2363 1342 2449 qui
1372 2362 1431 2426 de·

214 2517 238 2557 rs
255 2488 367 2552 finitus
396 2487 474 2568 erit,
505 2507 600 2550 arcae
629 2485 796 2572 stipitibus
823 2484 985 2549 robusteis
1017 2493 1049 2548 et
1077 2487 1200 2550 catenis
1222 2483 1369 2546 inclusae
1393 2482 1430 2546 in

257 2628 374 2693 aquarn
403 2602 623 2668 demittendae
651 2603 932 2690 destinandaeque
953 2602 1106 2685 firmiter3
1135 2603 1254 2666 deinde
1275 2604 1364 2666 intra
1385 2623 1433 2665 ex

257 2723 428 2788 transtillis
450 2720 588 2787 inferior
607 2743 684 2808 pars
707 2721 767 2786 sub
791 2741 876 2807 aqua
895 2721 1109 2808 exaequanda
1130 2730 1163 2785 et
1183 2721 1373 2808 purganda,
1397 2731 1432 2785 et

257 2841 455 2923 caementis,
480 2862 522 2903 ex
543 2841 696 2905 mortario
723 2839 859 2903 materia
880 2840 1002 2924 mixta,
1033 2839 1305 2926 quemadmodum
1330 2863 1432 2926 supra

258 2962 499 3044 scriptumest,
525 2959 573 3023 ibi
593 2957 852 3043 congerendum3
881 2958 1022 3046 denique
1045 2960 1245 3045 compleatur
1265 2968 1432 3023 structura

213 3107 239 3146 20
258 3079 417 3164 spatium,
440 3076 527 3161 quod
549 3077 649 3140 fuerit
671 3079 756 3140 inter
779 3098 883 3142 arcas.
930 3084 960 3143 5.
980 3077 1053 3143 Hoc
1075 3088 1184 3143 autem
1198 3101 1317 3143 munus
1338 3086 1432 3142 natu-

256 3196 325 3260 rale
347 3194 470 3261 habent
493 3215 532 3258 ea
551 3192 638 3276 loca,
658 3216 742 3280 quae
765 3217 864 3282 supra
886 3197 1009 3283 scripta
1031 3205 1115 3262 sunt.

345 3499 429 3587 (87.)
452 3500 510 3564 sin
532 3508 641 3563 autem
664 3511 796 3586 propter
816 3501 934 3565 fluctus
957 3510 1014 3566 aut
1035 3505 1176 3588 impetus
1195 3503 1299 3588 aperti
1319 3502 1430 3588 pelagi

260 3616 406 3681 destinae
428 3639 521 3682 arcas
549 3640 613 3684 non
642 3622 808 3706 potuerint
832 3621 1015 3702 continere,
1048 3628 1126 3683 tunc
1161 3620 1202 3685 ab
1236 3620 1309 3705 ipsa
1341 3628 1430 3682 terra

260 3735 331 3800 sive
355 3735 524 3821 crepidine
544 3735 699 3821 pulvinus
723 3759 820 3823 quam
842 3738 1028 3802 firmissime
1056 3745 1217 3819 struatur,
1247 3739 1341 3824 isque
1359 3737 1431 3823 pul-

133 3861 136 3866 '
214 3877 240 3916 as
259 3855 357 3918 vinus
379 3862 564 3940 exaequata
587 3863 731 3918 struatur
758 3853 896 3940 planitie
917 3857 1026 3918 minus
1056 3875 1155 3940 quam
1179 3854 1335 3919 dimidiae
1356 3877 1431 3941 par-

258 3971 319 4053 tis3
347 3970 524 4056 reliquum,
546 3971 634 4058 quod
656 3980 706 4035 est
727 3971 877 4056 proxime
900 3972 993 4055 litus,
1016 3972 1234 4058 proclinatum
1261 3973 1346 4037 latus
1376 3973 1431 4036 ha·

258 4088 346 4153 beat.
391 4092 421 4152 4.
446 4088 577 4152 Deinde
601 4089 643 4154 ad
672 4091 777 4176 ipsam
802 4111 919 4176 aquam
949 4099 982 4154 et
1004 4091 1108 4156 latera
1138 4091 1273 4178 pulvino
1301 4091 1431 4156 circiter

261 4207 505 4294 sesquipedales
524 4208 689 4294 margines
715 4216 882 4273 struantur
898 4207 1096 4294 aequilibres
1114 4232 1156 4273 cx
1171 4208 1324 4296 planitie,
1348 4230 1431 4294 quae

261 4332 310 4388 est
340 4347 438 4410 supra
471 4326 609 4413 scripta3
641 4335 721 4392 tunc
751 4328 945 4412 proclinatio
978 4349 1017 4392 ea
1046 4326 1221 4413 impleatur
1251 4326 1375 4390 harena
1402 4335 1433 4390 ct

217 4469 243 4510 ao
261 4452 463 4527 exaequetur
485 4463 559 4508 cum
580 4447 730 4528 margine
752 4453 784 4510 et
803 4445 940 4530 planitie
962 4445 1101 4532 pulvini.
1119 4516 1123 4523 ,
1145 4444 1277 4510 Deinde
1298 4446 1431 4532 insuper
