3028 5164
262 390 324 453 212
768 400 925 448 vrrauvn
1021 428 1023 432 .

263 565 296 620 et
323 579 341 620 e
369 577 526 641 generum
560 552 805 618 discriminibus
835 554 903 616 suis
923 551 1057 626 ,finibus
1085 560 1161 616 sunt
1187 561 1453 639 permanentes3

263 673 469 762 appellantur
498 682 606 737 autem
635 672 699 734 sie:
731 671 1091 756 proslambanomenos,
1125 669 1247 757 hypate
1276 671 1452 757 hypaton,

264 793 385 880 hypate
401 812 528 873 meson,
551 811 656 872 mese,
679 797 753 854 nete
780 809 1030 874 synemmenon,
1056 809 1241 873 paramese,
1270 797 1345 852 nete
1372 789 1452 852 die-

266 932 484 994 zeugmenon,
518 917 594 972 nete
614 881 878 994 hyperbolaeon.
925 903 1007 991 (30.)
1041 905 1180 970 Mobiles
1208 914 1317 970 autem
1348 914 1449 990 sunt,

237 1029 322 1114 squi
349 1029 385 1091 in
407 1025 614 1090 tetrachordo
647 1026 732 1088 inter
762 1026 913 1088 immotos
948 1022 1098 1108 dispositi
1131 1025 1167 1088 in
1196 1023 1376 1108 generibus
1410 1032 1451 1086 et

264 1147 344 1209 locis
371 1144 446 1210 loca
476 1153 621 1226 mutant3
647 1143 809 1207 vocabula
835 1151 943 1206 autem
970 1140 1095 1205 habent
1122 1141 1220 1223 haee;
1252 1142 1447 1228 parhypate

265 1263 426 1352 hypaton,
448 1261 596 1325 lichanos
614 1262 776 1350 hypaton,
798 1259 980 1347 parhypate
995 1281 1124 1342 meson,
1145 1259 1292 1325 lichanos
1309 1281 1444 1342 meson,

264 1382 340 1445 trite
369 1401 621 1465 synemmenon,
653 1385 808 1465 paranete
840 1398 1093 1463 synemmenon,
1127 1381 1202 1443 trite
1231 1378 1445 1466 diezeugme-

157 1471 160 1479 ¹
264 1519 346 1580 non,
379 1505 537 1583 paranete
572 1497 845 1580 diezeugmenon,
880 1497 956 1560 trite
982 1495 1244 1583 hyperbolaeon,
1278 1505 1444 1582 paranete

224 1642 249 1683 ro
264 1585 517 1702 hyperbolaeon.
564 1619 592 1678 6.
619 1613 700 1700 (31.)
734 1611 776 1676 Ei
807 1621 916 1676 autem
948 1635 1012 1700 qua
1043 1622 1236 1697 moventur,
1271 1615 1446 1706 recipiunt

264 1735 403 1797 virtutes
424 1733 523 1815 alias3
545 1731 721 1798 intervalla
742 1732 829 1794 enirn
852 1740 883 1794 et
906 1731 1077 1795 distantias
1099 1731 1221 1796 habent
1240 1739 1442 1794 crescentes.

265 1849 382 1934 Itaque
403 1849 602 1935 parhypate,
626 1870 709 1934 quae
732 1848 766 1910 in
788 1847 958 1912 harmonia
984 1849 1085 1912 distat
1109 1848 1150 1912 ab
1172 1847 1293 1936 hypate
1316 1848 1441 1931 diesin,

264 1965 300 2028 id
327 1973 376 2027 est
406 1963 577 2027 dimidium
610 1964 840 2046 hemitonium,
871 1967 906 2027 in
934 1967 1065 2032 chroma
1098 1975 1315 2031 transmutata
1336 1964 1442 2029 habet

265 2082 495 2162 hemitonium,
525 2101 609 2167 quae
637 2080 783 2145 lichanos
812 2084 847 2144 in
876 2082 1046 2148 harmonia
1074 2084 1210 2166 dieitur,
1239 2083 1281 2147 ab
1313 2083 1442 2169 hypate

226 2198 368 2266 adistat
389 2197 621 2281 hemitonium,
644 2199 678 2260 in
697 2188 829 2262 chroma
847 2201 1005 2264 translata
1019 2200 1227 2287 progreditur
1249 2201 1313 2265 duo
1334 2200 1441 2264 hemi-

267 2319 375 2399 tonia,
408 2318 443 2380 in
474 2315 605 2380 diatono
638 2315 738 2378 distat
770 2316 812 2379 ab
844 2317 964 2404 hypate
996 2320 1061 2382 tria
1090 2318 1277 2383 hemitonia.
1322 2316 1374 2380 Ita
1400 2316 1441 2378 X

268 2435 393 2498 sonitus
416 2442 549 2519 propter
573 2431 805 2497 translationes
833 2435 869 2497 in
896 2436 1072 2520 generibus
1099 2436 1247 2501 efficiunt
1274 2435 1439 2522 triplicem

267 2550 526 2616 modulationum
547 2551 749 2613 varietatem.

265 2793 268 2802 ,
354 2723 383 2780 7.
409 2717 490 2803 (32.)
519 2716 742 2780 Tetrachorda
766 2726 875 2781 autem
902 2730 979 2785 sunt
1007 2725 1167 2809 quinque:
1199 2725 1339 2808 primum
1361 2743 1439 2806 gra-

224 2867 250 2907 20
267 2837 455 2916 vissimum,
478 2835 565 2920 quod
585 2833 710 2897 Graece
733 2832 852 2898 dicitur
873 2829 1019 2922 daurom
1043 2839 1221 2904 seeundum
1236 2839 1437 2922 medianum,

268 2952 354 3038 quod
377 2950 561 3037 appellatur
575 2948 694 3034 μέσους
715 2953 846 3017 tertium
867 2957 1090 3040 coniunctum,
1112 2959 1199 3043 quod
1219 2956 1438 3040 συνημμένον

268 3069 404 3150 dicitur3
432 3077 583 3153 quartum
610 3068 825 3153 disiunctum,
855 3072 942 3158 quod
973 3070 1207 3155 διεζευγμένον
1229 3075 1435 3156 nominatur3

268 3188 434 3274 quintum,
459 3185 546 3272 quod
568 3194 617 3249 est
639 3187 879 3271 acutissimum,
906 3188 1032 3252 Graece
1053 3179 1281 3272 ὑπερβολαῐον
1304 3190 1435 3256 dicitur.

354 3373 435 3460 (33.)
464 3372 668 3452 Concentus,
702 3395 783 3459 quos
816 3381 933 3437 natura
958 3373 1098 3438 hominis
1126 3373 1289 3439 modulari
1316 3383 1435 3462 potest,

224 3520 250 3560 ra
268 3494 459 3578 Graeceque
488 3493 682 3574 συμφωνίαι
710 3492 877 3573 dicuntur,
911 3501 987 3556 sunt
1012 3515 1088 3576 sex,
1119 3493 1337 3575 diatessaron,
1365 3493 1435 3557 dia-

266 3618 382 3695 pente,
407 3609 583 3695 diapason,
607 3618 639 3674 et
661 3609 934 3690 disdiatessaron,
959 3617 991 3673 et
1011 3609 1237 3696 disdiapente,
1260 3619 1292 3674 et
1314 3609 1434 3674 disdia-

184 3807 188 3814 .
267 3748 381 3813 pason.
427 3731 457 3792 8.
487 3726 632 3814 Ideoque
657 3749 677 3789 a
697 3750 832 3792 numero
862 3728 994 3791 nomina
1016 3737 1230 3814 acceperunt,
1253 3728 1435 3815 quodcum

268 3867 335 3908 vox
357 3845 540 3909 constiterit
562 3846 597 3907 in
618 3866 685 3907 una
707 3839 862 3908 sonorum
874 3844 1038 3928 finitione,
1062 3845 1104 3910 ab
1121 3867 1224 3931 eaque
1243 3844 1432 3909 se'fleotens

268 3963 444 4027 mutaverit
467 3969 500 4025 et
517 3962 705 4047 pervenerit
727 3964 762 4024 in
783 3970 932 4049 quartam
953 3964 1230 4048 terminationem,
1254 3962 1435 4049 appellatur

223 4107 249 4148 ro
269 4078 487 4161 diatessaron,
522 4080 557 4143 in
589 4081 736 4166 quintam
770 4079 938 4165 diapente,
971 4081 1005 4143 in
1037 4089 1163 4143 sextam
1193 4077 1367 4165 diapason,
1399 4082 1434 4144 in

268 4205 418 4261 octavam
448 4204 480 4260 et
508 4195 677 4260 dimidiam
702 4197 859 4284 diapason
888 4205 920 4261 et
952 4197 1170 4278 diatessaron,
1198 4197 1234 4261 in
1261 4218 1379 4261 nonam
1401 4208 1434 4262 et

176 4295 178 4299 ¹
269 4311 437 4376 dimidiam
457 4313 615 4400 diapason
637 4324 669 4379 et
693 4315 861 4399 diapente,
888 4317 922 4379 in
943 4314 1014 4378 XII
1036 4315 1260 4400 disdiapason.
1304 4320 1334 4380 9.
1361 4314 1435 4382 Non
