3006 5170
603 1196 1024 1275 PRAEFATIO.

323 1512 351 1570 1.
367 1507 427 1592 (1.)
438 1507 634 1592 Dinocrates
651 1505 848 1570 architectus
862 1502 1118 1586 cogitationibus
1135 1510 1167 1566 et
1183 1499 1330 1566 sollertia
1344 1497 1416 1561 fre-

234 1631 288 1686 tus
295 1672 304 1705 ,
327 1646 398 1688 curn
411 1625 603 1689 Alexander
624 1645 733 1688 rerum
755 1622 930 1708 potiretur,
951 1621 1120 1707 profectus
1142 1628 1192 1684 est
1217 1616 1415 1681 aMacedo-

235 1741 291 1803 nia
311 1741 354 1805 ad
367 1744 562 1824 exercitum,
584 1743 695 1826 regiae
712 1739 852 1826 cupidus
867 1739 1169 1805 commendationis.
1213 1737 1248 1801 ls
1263 1759 1280 1800 e
1299 1737 1416 1823 patria

236 1881 256 1920 a
274 1861 468 1945 propinquis
499 1867 531 1922 et
555 1861 669 1922 amicis
696 1857 772 1921 tulit
798 1857 841 1920 ad
860 1859 983 1944 primos
1007 1857 1138 1922 ordines
1157 1865 1189 1919 et
1208 1862 1413 1942 purpuratos

205 1975 377 2057 slitteras,
405 1984 442 2038 ut
463 1976 572 2039 aditus
593 1975 733 2039 haberet
755 1974 938 2060 faciliores,
970 1975 1012 2039 ab
1035 1977 1148 2062 eisque
1169 1980 1327 2059 exceptus
1351 1971 1412 2034 hu-

235 2115 330 2156 mane
358 2095 470 2180 petiit,
500 2096 550 2158 uti
577 2097 817 2182 quamprimum
846 2094 889 2158 ad
907 2094 1136 2159 Alexandrum
1159 2091 1409 2179 perduceretur.

237 2210 321 2275 Oum
343 2211 481 2299 polliciti
503 2223 627 2295 essent,
660 2215 822 2278 tardiores
850 2214 999 2295 fuerunt,
1022 2211 1177 2276 idoneum
1199 2218 1330 2295 tempus
1354 2231 1411 2272 ex-

237 2340 433 2417 spectantes.
477 2332 594 2420 Itaque
612 2334 825 2415 Dinocrates,
848 2332 890 2396 ab
909 2332 960 2395 his
984 2353 1018 2395 sc
1040 2329 1234 2394 existimans
1257 2325 1348 2409 ludi,
1370 2326 1410 2390 ab

237 2472 271 2513 se
294 2451 389 2537 petiit
416 2451 629 2537 praesidium.
674 2453 799 2516 Fuerat
827 2453 913 2515 enim
938 2449 1140 2535 amplissima
1161 2433 1301 2528 statura,
1326 2445 1411 2509 faeie

194 2598 218 2638 ro
236 2578 347 2653 grata,
376 2568 481 2632 forma
505 2569 730 2658 dignitateque
752 2591 887 2634 summa.
932 2567 995 2632 His
1018 2569 1120 2652 igitur
1142 2575 1279 2630 naturae
1297 2585 1411 2628 munc-

236 2685 329 2748 ribus
353 2685 494 2751 confisus
522 2688 719 2751 vestimenta
744 2690 854 2774 posuit
883 2690 915 2750 in
942 2686 1100 2772 hospitio,
1132 2693 1165 2748 et
1192 2682 1263 2748 oleo
1291 2689 1411 2768 corpus

236 2805 404 2888 perunxit,
440 2811 602 2890 caputque
629 2807 799 2870 coronavit
825 2805 965 2892 populea
983 2804 1116 2886 fronde,
1144 2802 1274 2868 laevum
1298 2801 1412 2866 hume-

236 2940 308 2982 rum
337 2919 422 3005 pelle
454 2920 586 2984 leonina
613 2925 711 3006 texit,
749 2925 930 3011 dextraque
964 2923 1094 2988 clavam
1120 2930 1236 2986 tenens
1272 2921 1413 2984 incessit

237 3045 350 3100 contra
371 3038 514 3103 tribunal
542 3041 631 3127 regis
659 3042 711 3106 ius
742 3042 892 3106 dicentis.
938 3045 968 3104 2.
998 3039 1058 3124 (2.)
1088 3039 1226 3104 Novitas
1252 3039 1413 3124 populum

194 3183 218 3222 15
236 3176 311 3218 eum
327 3158 511 3240 avertisset,
535 3162 708 3247 conspexit
728 3183 802 3225 eum
820 3159 1027 3242 Alexander,
1060 3157 1227 3222 admirans
1255 3157 1286 3220 ei
1314 3157 1413 3219 iussit

236 3272 342 3336 locum
367 3274 448 3357 dari,
469 3283 506 3339 ut
528 3276 710 3360 accederet,
733 3279 1014 3364 interrogavitque
1038 3276 1110 3362 quis
1130 3283 1226 3338 esset.
1272 3274 1318 3337 At
1343 3273 1410 3356 ille,

235 3391 446 3476 Dinocrates,
468 3394 590 3480 inquit,
610 3395 808 3462 architectus
822 3396 977 3476 Maced0,
1002 3395 1057 3480 qui
1076 3392 1118 3456 ad
1137 3400 1171 3454 te
1194 3392 1411 3476 cogitationes

236 3518 268 3572 et
289 3510 412 3574 formas
435 3511 535 3576 affero
558 3512 675 3597 dignas
705 3524 781 3578 tuae
802 3513 978 3595 claritatis,
1009 3532 1150 3597 namque
1179 3508 1292 3572 Athon
1321 3531 1410 3573 mon-

236 3636 300 3691 tem
324 3628 462 3695 formavi
484 3629 518 3692 in
541 3637 668 3694 statuae
689 3631 794 3696 virilis
815 3629 1090 3715 figuram,cuius
1113 3648 1213 3691 manu
1238 3625 1335 3691 laeva
1357 3625 1412 3690 de·
1502 3636 1503 3659 ¹

191 3778 217 3817 20
237 3746 367 3830 signavi
393 3746 538 3812 civitatis
567 3749 790 3836 amplissimae
813 3749 959 3830 moenia,
987 3745 1104 3810 dextra
1131 3754 1296 3832 pateram,
1327 3765 1411 3830 quae
1502 3822 1503 3831 ἵ

237 3865 403 3949 exciperet
426 3867 570 3930 omnium
592 3865 780 3950 fluminum,
805 3888 888 3952 quae
914 3865 1047 3930 suntin
1071 3871 1254 3944 comente,
1280 3883 1409 3948 aquam,

235 3993 272 4046 ut
293 3981 369 4046 inde
392 3985 427 4046 in
447 4006 536 4048 mare
559 3985 822 4073 profunderetur.
867 3989 897 4051 3.
926 3983 1119 4049 Delectatus
1146 3980 1339 4045 Alexander
1360 4002 1409 4044 ra·
1502 4010 1503 4019 ¹

236 4102 325 4164 tione
346 4100 470 4165 formae
492 4104 601 4167 statim
624 4106 804 4190 quaesivit,
835 4105 862 4167 si
884 4110 996 4168 essent
1023 4102 1097 4185 agri
1124 4101 1227 4181 circa,
1255 4099 1312 4184 qui
1335 4120 1409 4184 pos-

236 4226 310 4282 sent
333 4218 548 4289 frumentaria
572 4223 700 4287 ratione
728 4245 799 4286 eam
828 4224 994 4287 civitatem
1017 4220 1114 4284 tueri.
1159 4216 1242 4281 Cum
1266 4217 1408 4282 invenis·

190 4364 215 4409 25
237 4343 303 4422 set,
332 4357 397 4399 non
423 4357 520 4424 posse
541 4339 605 4402 nisi
627 4341 855 4405 transmarinis
883 4337 1170 4404 subvectionibus:
1198 4335 1408 4418 Dinocrates,
