3006 5170
656 1231 1075 1328 Parnassio.

785 1417 952 1426 ——a-—n
957 1417 958 1420 =

374 1549 403 1606 1.
424 1542 483 1628 (1.)
507 1510 603 1619 Cum
619 1504 738 1604 divina
746 1547 804 1602 tua
818 1561 909 1603 mens
924 1547 957 1602 et
970 1560 1106 1620 numen,
1126 1536 1308 1624 Imperator
1323 1535 1474 1616 Caesar,

287 1662 424 1748 imperio
441 1660 601 1745 potiretur
616 1657 705 1722 orbis
721 1665 898 1738 terrarum,
921 1658 1107 1742 invictaque
1122 1657 1243 1720 virtute
1260 1656 1394 1719 cunctis
1410 1654 1473 1717 ho-

290 1780 395 1844 stibus
417 1779 544 1859 stratis,
572 1773 736 1860 triumpho
751 1773 952 1858 victoriaque
973 1782 1030 1837 tua
1053 1775 1143 1839 cives
1165 1775 1406 1860 gloriarentur,
1425 1757 1472 1836 'et

290 1904 405 1982 gentes
434 1915 546 1958 omnes
575 1891 731 1956 subactae
754 1899 847 1953 tuum
876 1899 1061 1975 spectarent
1089 1901 1221 1975 nutum,
1251 1890 1469 1979 populusque

192 2097 195 2104 Ι
258 2033 271 2072 s
290 2013 457 2076 Romanus
487 2019 519 2076 et
546 2010 701 2092 Senatus,
723 2008 879 2072 liberatus
901 2008 1032 2090 timore,
1051 2009 1261 2096 amplissimis
1284 2012 1351 2073 tuis
1372 2011 1468 2092 cogi-

290 2130 470 2196 tationibus
492 2129 703 2214 consiliisque
725 2128 978 2213 gubernaretur:
1009 2147 1074 2188 non
1095 2127 1255 2191 audebam
1281 2129 1385 2191 tantis
1409 2151 1465 2190 oc-

291 2248 520 2334 cupationibus
542 2247 582 2312 de
605 2247 822 2313 architectura
844 2247 965 2332 scripta
985 2251 1017 2308 et
1044 2245 1172 2328 magnis
1203 2246 1462 2330 cogitationibus

291 2368 455 2455 explicata
482 2365 595 2450 edere,
624 2374 791 2449 metuens,
826 2387 867 2428 ne
890 2385 956 2427 non
977 2371 1055 2448 apto
1077 2367 1222 2446 tempore
1244 2363 1460 2450 interpellans

292 2487 434 2552 subirem
456 2485 505 2549 tui
526 2485 628 2548 animi
651 2485 874 2548 offensionem.

250 2628 276 2668 ro
376 2605 407 2665 2.
434 2602 496 2687 (2.)
520 2602 604 2666 Oum
623 2622 701 2668 vero
717 2602 938 2682 attenderem,
960 2606 993 2662 te
1013 2619 1079 2661 non
1097 2596 1201 2661 solum
1225 2598 1264 2660 de
1288 2599 1355 2662 vita
1370 2605 1455 2660 com-

291 2720 382 2782 muni
399 2720 542 2782 omnium
558 2719 775 2808 publicaeque
797 2719 845 2782 rei
860 2717 1092 2782 constitutione
1112 2737 1223 2778 curam
1239 2715 1356 2778 habere
1364 2765 1373 2798 ,
1396 2717 1456 2779 sed

292 2839 392 2901 etiam
407 2836 447 2900 de
458 2837 701 2923 opportunitate
714 2836 920 2923 publicorum
933 2834 1168 2916 aedificiorum,
1180 2841 1217 2896 ut
1229 2833 1342 2896 civitas
1354 2843 1453 2916 perte

293 2977 359 3018 non
374 2953 479 3019 solum
493 2954 673 3040 provinciis
695 2963 783 3018 esset
805 2961 917 3036 aucta,
941 2963 1056 3016 verum
1078 2951 1176 3014 etiam
1197 2959 1234 3013 ut
1246 2949 1393 3012 maiestas
1408 2950 1452 3013 im

292 3073 375 3159 perii
389 3072 594 3158 publicorum
606 3070 829 3135 aedificiorum
840 3071 991 3155 egregias
1004 3069 1141 3134 haberet
1152 3068 1370 3132 auctoritates:
1386 3090 1450 3132 non

251 3215 276 3255 15
293 3191 408 3276 putavi
430 3188 770 3275 praetermittendum,
799 3190 878 3276 quin
905 3189 1009 3274 primo
1032 3170 1160 3275 quoque
1181 3196 1323 3274 tempore
1344 3186 1380 3249 de
1397 3186 1447 3250 his

292 3308 391 3375 rebus
414 3329 453 3372 ea
478 3307 539 3372 tibi
568 3307 713 3390 ederem,
744 3308 818 3372 ideo
840 3308 927 3394 quod
951 3309 1093 3392 primum
1115 3305 1243 3390 parenti
1269 3312 1322 3368 tuo
1349 3304 1385 3367 de
1411 3327 1448 3369 eo

293 3427 420 3491 fueram
448 3435 561 3509 notus,
590 3433 622 3488 et
651 3425 721 3488 eius
752 3427 884 3491 virtutis
914 3425 1090 3489 studiosus.
1136 3421 1219 3487 Oum
1248 3431 1350 3486 autem
1377 3445 1446 3486 con-

292 3545 405 3608 cilium
427 3542 618 3606 caelestium
642 3546 677 3607 in
705 3543 839 3607 sedibus
860 3543 1113 3608 immortalitatis
1135 3563 1209 3604 eum
1232 3541 1444 3624 dedicavisset,

293 3670 326 3725 et
350 3660 522 3747 imperium
550 3661 696 3746 parentis
723 3661 757 3724 in
779 3670 870 3725 tuam
890 3669 1086 3748 potestatem
1108 3661 1340 3742 transtulisset,
1364 3659 1443 3724 idem

252 3780 439 3844 estodium
467 3800 592 3862 meum,
620 3779 655 3842 in
682 3779 753 3842 eius
781 3781 938 3845 memoria
965 3803 1179 3866 permanens,
1206 3782 1241 3844 in
1268 3787 1300 3841 te
1322 3778 1442 3841 contulit

295 3899 452 3963 favorem.
486 3897 602 3984 Itaque
623 3919 697 3962 cum
717 3897 763 3962 M.
786 3897 936 3983 Aurelio,
960 3909 992 3963 et
1006 3899 1043 3962 P.
1058 3899 1230 3979 Numidio,
1254 3905 1287 3959 et
1303 3895 1354 3960 Cn.
1370 3895 1438 3960 Cor-

294 4018 381 4082 nelio
403 4016 445 4081 ad
473 4017 719 4102 apparationem
742 4018 937 4083 balistarum
960 4024 992 4080 et
1019 4017 1226 4104 scorpionum
1247 4012 1438 4100 reliquorum-

207 4141 210 4152 '
294 4157 357 4222 que
381 4142 616 4199 tormentorum
642 4137 855 4201 refectionem
882 4135 930 4198 fui
960 4140 1110 4220 praesto,
1143 4138 1273 4193 etcum
1301 4132 1340 4194 eis
1363 4153 1436 4196 com—

294 4253 392 4316 moda
413 4253 540 4337 accepi,
572 4274 654 4337 quae
681 4263 754 4317 cum
786 4255 891 4338 primo
913 4251 992 4313 mihi
1014 4248 1175 4330 tribuisti,
1203 4248 1435 4331 recognitionem

252 4399 279 4441 25
293 4391 351 4456 per
370 4371 489 4433 sororis
511 4370 824 4434 commendationem
849 4368 999 4434 servasti.
