3006 5170
241 383 280 446 12
545 413 548 422 ·
736 395 895 443 vrrauvu

238 558 363 632 cetera,
393 572 477 637 quae
498 550 658 615 eiusmodi
679 557 771 632 sunt,
792 557 870 612 nota
890 556 1017 636 oportet
1039 549 1105 613 sint
1126 548 1370 632 architectis,
1412 549 1468 611 uti

239 676 314 732 ante
337 676 491 751 caveant,
524 689 621 756 quam
640 669 813 732 instituant
833 666 1001 750 aedificia,
1030 689 1073 731 ne
1096 669 1382 732 controversiae
1411 668 1465 730 fa-

205 847 213 862 ,
239 787 300 849 ctis
323 786 476 872 operibus
498 787 648 874 patribus
666 777 863 850 familiarum
886 785 1132 872 relinquantur,
1165 794 1197 850 et
1220 793 1256 849 ut
1284 785 1463 871 legibus

240 902 421 967 scribendis
446 904 620 991 prudentia
644 905 753 970 caveri
780 906 885 990 possit
915 912 947 968 et
975 902 1110 968 locatori
1138 912 1170 968 et
1202 903 1459 985 conductori3

211 1043 378 1108 unamque
406 1023 434 1086 si
464 1021 519 1086 lex
544 1024 648 1110 perite
677 1023 777 1086 suerit
807 1023 946 1110 scripta,
984 1024 1061 1107 erit,
1094 1031 1130 1086 ut
1159 1022 1230 1086 sine
1260 1023 1458 1108 captione

239 1148 374 1227 uterque
393 1139 434 1206 ab
456 1148 594 1230 utroque
615 1117 802 1206 liberetur(

325 1343 406 1432 (12.)
441 1342 495 1407 Ex
519 1343 697 1428 astrologia
725 1353 835 1408 autem
857 1346 1065 1428 cognoscitur
1091 1346 1216 1429 oriens,
1246 1347 1451 1428 occidens,

239 1462 409 1548 meridies,
439 1463 633 1551 septentrio:
665 1465 762 1528 etiam
784 1463 867 1528 caeli
889 1464 988 1547 ratic,
1014 1465 1274 1550 aequinoctium,
1309 1465 1446 1528 solsti-

239 1583 329 1665 tium,
354 1592 515 1649 astrorum
537 1605 671 1666 cursus3
693 1603 830 1669 quorum
848 1583 998 1646 notitiam
1018 1583 1046 1647 si
1067 1584 1140 1669 quis
1162 1604 1229 1647 non
1245 1582 1444 1666 habuerit,

198 1725 222 1766 ιο
239 1699 480 1787 horologiorum
501 1702 661 1766 rationem
687 1702 817 1766 omnino
843 1701 926 1764 scire
949 1721 1016 1764 non
1037 1701 1167 1788 poterit.

326 1907 375 1968 11.
400 1903 483 1990 (13.)
508 1902 590 1968 Cum
603 1925 680 1988 crgo
692 1911 785 1968 tanta
804 1903 883 1968 haec
902 1903 1077 1989 disciplina
1090 1903 1133 1967 sit
1146 1901 1385 1968 condecorata
1402 1912 1436 1966 et

238 2023 413 2089 abundans·
424 2021 661 2088 eruditionibus
674 2024 777 2086 variis
793 2031 825 2086 et
844 2021 1010 2108 pluribus,
1034 2044 1100 2085 non
1120 2031 1197 2106 puto
1213 2043 1313 2106 posse
1332 2025 1432 2087 iuste

238 2152 372 2229 repente
394 2164 429 2206 se
454 2141 598 2228 profiteri
621 2140 833 2225 architectos,
863 2140 928 2205 nisi
950 2141 1005 2226 qui
1027 2139 1068 2203 ab
1091 2148 1198 2202 aetate
1219 2141 1349 2226 puerili
1374 2140 1431 2204 his

239 2261 395 2348 gradibus
425 2260 670 2346 disciplinarum
704 2259 907 2342 scandenda,
946 2258 1081 2322 scientia
1110 2255 1254 2344 plurium
1287 2257 1427 2324 littera·
1479 2287 1480 2312 r

198 2412 221 2452 15
240 2405 310 2446 rum
326 2391 358 2446 et
380 2383 499 2446 artium
513 2379 627 2444 nutriti
648 2379 859 2465 pervenerint
879 2377 921 2442 ad
944 2399 1104 2442 summurn
1127 2376 1285 2462 templum
1306 2379 1426 2442 archi·
1479 2401 1480 2404 ¹

238 2510 394 2566 tecturae.
442 2501 491 2564 12.
514 2499 560 2564 At
582 2497 723 2562 fortasse
744 2499 863 2562 mirum
886 2496 1053 2563 videbitur
1069 2493 1246 2583 imperitis,
1269 2495 1423 2560 hominis
1469 2586 1477 2608 ο

238 2641 335 2706 posse
367 2627 518 2682 naturam
549 2624 675 2680 tantum
703 2638 873 2680 numerum
901 2615 1122 2680 doctrinarum
1156 2613 1349 2700 perdiscere
1389 2621 1422 2676 et

239 2737 395 2800 momoria
418 2736 603 2810 continere„
640 2734 724 2798 Cum
747 2742 856 2797 autem
878 2733 1183 2814 animadverterint,
1210 2752 1323 2795 omnes
1351 2731 1420 2796 dis-

241 2853 378 2941 ciplinas
401 2854 486 2917 inter
498 2874 540 2936 ge
563 2839 824 2916 coniunctionem
842 2873 951 2915 rerum
968 2859 1000 2914 et
1014 2850 1345 2914 communicationem
1361 2850 1418 2913 ha-

196 2999 222 3040 ro
240 2970 333 3053 bere,
370 2971 442 3034 fieri
460 2992 556 3056 posse
575 2970 717 3035 faciliter
738 2969 886 3053 credent3
925 2967 1090 3055 encyclios
1114 2967 1201 3031 enim
1224 2965 1415 3052 disciplina,

240 3090 288 3153 uti
307 3111 424 3176 corpus
446 3112 561 3174 unum,
595 3112 638 3154 ex
659 3089 711 3153 his
734 3088 888 3153 membris
911 3096 960 3152 est
982 3087 1170 3173 composita.
1214 3083 1334 3171 Itaque
1360 3086 1416 3174 qui

241 3227 269 3274 a0
283 3209 406 3273 teneris
432 3209 593 3273 aetatibus
616 3207 855 3272 eruditionibus
880 3207 982 3272 variis
1009 3207 1230 3287 instruuntur,
1260 3203 1413 3268 omnibus

241 3327 360 3392 litteris
382 3335 565 3412 agnoscunt
587 3327 718 3391 easdem
741 3335 835 3390 notas
859 3325 1250 3409 communicationemque
1266 3323 1412 3386 omnium

243 3444 504 3530 disciplinarum,
526 3453 558 3509 et
581 3467 620 3508 ea
638 3467 675 3508 re
696 3445 826 3509 facilius
850 3445 958 3508 omnia
980 3449 1192 3544 cognoscunt.

198 3660 224 3700 25
327 3630 409 3718 (14.)
432 3628 576 3717 Ideoque
592 3629 631 3694 de
649 3631 816 3695 veteribus
830 3629 1017 3695 architectis
1031 3629 1184 3716 Pythius,
1202 3628 1258 3715 qui
1273 3627 1411 3692 Prienae

242 3749 356 3812 aedem
370 3749 549 3812 'Minervae
571 3747 725 3812 nobiliter
746 3758 796 3813 est
817 3746 1067 3831 architectatus,
1104 3749 1150 3811 ait
1174 3747 1209 3810 in
1234 3747 1302 3809 suis
1326 3767 1410 3810 com-

197 3913 200 3920 ·
241 3867 426 3949 montariis,
449 3864 662 3930 architectum
685 3865 835 3930 omuibus
858 3865 983 3930 artibus
1001 3873 1032 3929 ct
1054 3865 1210 3931 doctrinis
1225 3864 1299 3952 plus
1318 3885 1409 3949 opor-

242 3992 310 4049 tere
332 4006 428 4071 posse
452 3984 561 4048 facere
569 4034 578 4067 ,
614 4007 711 4072 quam
739 3985 796 4071 qui
824 3983 971 4069 singulas
1000 4006 1052 4047 res
1081 3985 1149 4047 suis
1177 3981 1348 4046 industriis
1379 3989 1408 4047 et

244 4102 533 4166 exercitationibus
561 4103 603 4168 ad
629 4077 788 4169 sumniam
809 4102 991 4166 claritatem
1013 4101 1248 4188 perduxerunt.
1292 4099 1332 4164 Id
1354 4121 1408 4164 au·

199 4238 225 4281 ³0
242 4228 307 4283 tem
330 4195 366 4284 rb
393 4241 458 4284 non
488 4220 668 4306 expeditur.
716 4223 765 4286 13.
789 4221 864 4284 Non
889 4222 976 4284 enim
1004 4217 1102 4284 debet
1126 4241 1187 4283 nec
1206 4227 1313 4305 potest
1333 4240 1405 4284 esse

244 4334 440 4400 architectus
461 4339 693 4420 grammaticus
717 4339 766 4403 uti
785 4339 849 4402 suit
869 4337 1096 4416 Aristarchus,
1121 4336 1179 4400 sed
1198 4361 1264 4403 non
1283 4358 1405 4422 agram-
