3008 5162
560 1197 563 1204 ’
637 1203 1060 1290 rnnarnrro

358 1526 386 1584 1.
421 1521 602 1608 Delphicus
629 1521 749 1609 Apollo
782 1518 950 1585 Socratem
984 1522 1128 1586 omnium
1161 1521 1451 1609 sapientissimum

270 1638 410 1726 Pythiae
444 1640 609 1727 responsis
638 1639 695 1704 est'
719 1641 900 1729 professus.
945 1639 979 1704 Is
1008 1648 1118 1704 autem
1146 1648 1353 1705 memoratur
1376 1662 1449 1728 pru-

272 1758 387 1823 denter
421 1758 673 1846 doctissimeque
711 1760 852 1844 dixisse,
887 1759 1070 1848 oportuisse
1106 1759 1275 1824 hominum
1311 1766 1450 1844 pectora

274 1875 455 1939 fenestrata
484 1884 516 1939 et
542 1883 656 1964 aperta
685 1899 773 1962 esse,
799 1878 849 1942 uti
874 1901 941 1944 non
966 1875 1110 1943 occultos
1132 1877 1293 1942 haberent
1316 1900 1448 1960 sensus,

237 2017 250 2056 s
276 1994 334 2060 sed
355 2001 503 2080 patentes
526 1993 570 2059 ad
590 1993 875 2063 considerandum.
919 1998 1055 2064 Utinam
1077 2018 1155 2064 vero
1183 2019 1294 2062 rernm
1315 2005 1448 2080 natura,

217 2102 221 2112 ¹
276 2117 470 2182 sententiam
492 2117 562 2180 eius
585 2125 713 2202 secuta,
743 2115 908 2204 explicata
937 2125 970 2182 et
988 2116 1180 2204 apparentia
1201 2139 1241 2181 ea
1259 2119 1450 2181 constituis-

276 2235 342 2299 set!
389 2235 423 2300 Si
444 2234 532 2300 enim
554 2234 601 2300 ita
622 2235 756 2321 fuisset,
783 2259 848 2302 non
871 2235 977 2301 solum
996 2234 1111 2300 laudes
1138 2242 1196 2299 aut
1217 2234 1300 2301 vitia
1323 2235 1448 2299 animo·
1494 2273 1495 2360 ,

272 2375 343 2418 rum
372 2353 415 2418 ad
445 2375 578 2419 manum
598 2354 840 2442 aspicerentur,
871 2341 929 2419 scd
952 2355 1050 2420 etiam
1070 2353 1319 2442 disciplinarum
1344 2355 1448 2418 scien·
1494 2367 1495 2390 ³

272 2473 338 2537 tiae
381 2472 441 2537 sub
485 2473 654 2539 oculorum
694 2474 957 2541 consideratione
998 2472 1165 2538 subiectae
1204 2495 1270 2537 non
1312 2473 1446 2536 incertis

228 2614 251 2655 ro
272 2591 404 2657 iudiciis
437 2569 671 2680 probarentur,
706 2592 765 2658 sed
798 2599 831 2656 et
862 2592 965 2658 doctis
997 2599 1030 2654 et
1059 2590 1241 2655 scientibus
1269 2591 1447 2655 auctoritas

271 2710 407 2794 egregia
433 2716 465 2773 et
493 2708 622 2774 stabilis
652 2710 838 2778 adderetur.
882 2711 989 2797 Igitur
1018 2709 1172 2796 quoniam
1194 2710 1276 2774 haec
1299 2731 1366 2774 non
1390 2711 1446 2790 ita,

272 2827 345 2910 sed,
374 2828 422 2890 uti
450 2835 568 2891 natura
596 2851 705 2894 rerum
733 2829 839 2896 voluit
846 2881 855 2915 ,
882 2838 959 2904 srmt
988 2830 1181 2912 constituta,
1204 2851 1271 2893 non
1294 2828 1446 2910 efficitur,

272 2952 310 3008 ut
327 2943 455 3030 possint
475 2945 639 3031 homines,
659 2949 843 3014 obscuratis
867 2949 928 3015 sub
948 2949 1135 3037 pectoribus
1159 2948 1321 3034 ingeniis,
1344 2949 1447 3011 scien·

273 3063 337 3126 tias
365 3063 576 3130 artificiorum
602 3067 732 3154 penitus
762 3067 918 3153 latentes,
947 3067 1222 3156 quemadmodum
1252 3067 1335 3149 sint,
1363 3065 1447 3128 iudi-

230 3204 252 3244 n
273 3206 359 3249 care.
403 3183 536 3272 Ipsique
557 3187 698 3252 artifices
718 3186 912 3276 pollicentes
947 3209 1041 3251 suam
1066 3187 1292 3274 prudentiam,
1325 3184 1353 3248 si
1380 3205 1446 3247 non

272 3305 413 3391 pecunia
448 3305 513 3369 sint
546 3307 687 3392 copiosi,
727 3329 787 3371 seu
824 3314 988 3374 vetustate
1025 3305 1232 3371 officinarum
1270 3301 1446 3367 habuerint

272 3424 440 3507 notitiam,
470 3431 526 3488 aut
555 3425 652 3488 etiarn
677 3429 786 3512 gratia
810 3426 934 3491 forensi
958 3433 990 3489 et
1019 3424 1206 3512 eloquentia
1229 3445 1296 3488 non
1324 3421 1446 3487 fuerint

271 3543 394 3630 parati,
420 3564 479 3629 pro
505 3543 669 3609 industria
691 3544 873 3609 studiorum
894 3546 1106 3610 auctoritates
1134 3566 1201 3609 non
1223 3549 1365 3628 possunt
1390 3538 1445 3603 ha·

274 3661 367 3744 bere,
388 3668 425 3724 ut
447 3662 494 3725 eis
517 3662 605 3749 quod
625 3663 820 3749 profitentur
842 3663 926 3727 scire
947 3662 983 3726 id
1004 3660 1203 3727 crederetur.

229 3809 255 3851 ro
361 3781 391 3844 2.
429 3780 490 3868 (2.)
519 3779 664 3846 Maxime
697 3789 808 3846 autem
839 3782 873 3846 id
905 3780 1170 3847 animadvertere
1198 3801 1373 3868 possumus
1404 3777 1444 3840 ab

169 4027 171 4032 ’
275 4025 369 4082 notas
393 4024 424 4082 et
446 4016 738 4083 commendationis
760 4021 901 4104 gratiam
916 4020 1118 4108 habuerqnt,
1141 4025 1276 4081 aeterna
1293 4015 1444 4082 memoria

275 4137 318 4202 ad
349 4138 575 4223 posteritatem
607 4145 684 4202 sunt
715 4147 959 4225 permanentes,
992 4139 1041 4202 uti
1075 4137 1211 4226 Myron,
1249 4135 1442 4223 Polycletus,

275 4253 428 4337 Phidias,
462 4255 630 4342 Lysippus
665 4257 845 4343 ceterique,
880 4259 936 4343 qui
965 4255 1170 4321 nobilitatem
1201 4276 1243 4320 ex
1275 4263 1344 4319 arte
1375 4257 1443 4316 sunt

231 4411 257 4451 a
277 4373 455 4451 consecuti.
499 4373 649 4459 Namque
682 4382 720 4439 ut
751 4374 941 4440 civitatibus
974 4376 1104 4460 magnis
1138 4382 1195 4438 aut
1226 4371 1361 4458 regibus
1390 4377 1441 4434 aut
