3008 5162
282 440 341 503 158
783 454 942 501 vrrnuvu

278 613 458 693 ponuntur,
491 614 549 670 aut
575 627 592 669 e
620 604 753 669 Doricis
781 606 980 691 symmetriis
1008 614 1065 670 aut
1091 605 1215 671 Ionicis
1243 607 1395 672 moribus
1422 608 1453 671 in

279 724 458 790 Corinthiis
475 722 633 790 columnis
650 723 870 807 collocantur3
891 724 978 809 quod
995 725 1104 811 ipsum
1121 724 1332 790 Corinthium
1351 745 1452 810 genus

277 846 442 930 propriam
476 864 669 909 coronarum
698 843 962 929 reliquorumque
998 853 1262 908 ornamentorum
1294 866 1367 908 non
1402 843 1452 906 ha-

278 961 395 1026 buerat
415 961 668 1043 institutionem,
699 960 757 1024 red
783 969 842 1025 aut
869 982 886 1025 e
909 959 1150 1048 triglyphorum
1179 961 1369 1028 rationibus
1388 984 1453 1024 mu-

248 1078 340 1144 stuli
361 1079 395 1141 in
415 1079 562 1160 coronis,
585 1085 618 1140 et
639 1079 673 1141 in
694 1078 856 1164 epistyliis
878 1087 991 1163 guttae
1013 1079 1136 1145 Dorico
1158 1102 1248 1146 more
1274 1081 1453 1167 disponun-

279 1204 346 1280 tur,
380 1203 437 1260 aut
467 1217 509 1260 ex
541 1195 664 1260 Ionicis
692 1195 851 1262 institutis
878 1197 1012 1284 zephori
1043 1199 1219 1285 scalpturis
1241 1200 1355 1264 ornati
1383 1220 1452 1262 cum

280 1314 455 1380 denticulis
486 1322 518 1379 et
545 1315 673 1381 coronis
697 1312 947 1380 distribuuntur.
994 1319 1024 1379 3.
1054 1315 1106 1380 Ita
1131 1316 1352 1402 egeneribus
1377 1315 1451 1380 duo·

279 1434 357 1518 bus,
389 1433 532 1520 capitulo
554 1433 764 1517 interposito,
794 1435 926 1498 tertium
948 1456 1053 1520 genus
1074 1435 1111 1499 in
1133 1434 1287 1520 operibus
1309 1442 1365 1499 est
1385 1455 1452 1520 pro-

280 1562 436 1617 creatum.
481 1551 510 1615 Ε
530 1551 753 1618 columnarum
776 1553 864 1615 enim
894 1552 1145 1617 formationibus
1172 1552 1272 1616 trium
1293 1573 1452 1638 generum

175 1682 177 1686 ’
238 1671 388 1736 refactae
416 1679 492 1735 sunt
518 1670 774 1760 nominationes,
803 1668 942 1753 Dorica,
972 1669 1102 1753 Ionica,
1129 1669 1317 1754 Corinthia,
1345 1670 1452 1755 equi-

278 1789 341 1854 bus
362 1790 469 1875 prima
489 1796 521 1853 et
543 1789 723 1876 antiquitus
745 1786 869 1852 Dorica
892 1797 942 1853 est
963 1797 1050 1852 nata.

251 1975 264 2002 ι
366 1907 425 1992 (4.)
449 1906 598 1991 Namque
616 1905 745 1970 Achaia
763 1903 1054 1993 Peloponnesoque
1076 1915 1145 1972 tota
1162 1905 1276 1971 Dorus
1292 1904 1450 1970 Hellenos

279 2033 312 2089 et
336 2024 521 2111 Exoptidos
550 2023 713 2111 nymphae
744 2023 832 2089 filius
864 2027 1033 2112 regnavit,
1062 2027 1155 2113 isque
1179 2024 1297 2110 Argis,
1320 2031 1451 2091 vetusta

280 2143 426 2226 civitate,
459 2142 595 2208 Iunonis
627 2141 784 2229 templum
812 2142 1018 2228 aedificavit,
1051 2146 1121 2210 eius
1153 2145 1285 2228 generis
1312 2141 1449 2208 fortuitu

237 2282 262 2324 15
279 2261 403 2327 formae
424 2261 555 2345 fanum3
591 2261 709 2326 deinde
742 2261 860 2327 iisdem
889 2263 1065 2348 generibus
1091 2263 1127 2327 in
1156 2262 1274 2327 ceteris
1303 2261 1448 2326 Achaiae

278 2380 483 2464 civitatibus,
516 2403 590 2446 cum
618 2382 715 2446 etiam
742 2403 830 2445 nunc
863 2403 928 2445 non
962 2389 1048 2446 esset
1077 2381 1341 2468 symmetriarum
1368 2379 1447 2443 ratio

278 2510 366 2566 nata.
412 2504 441 2563 4.
462 2499 582 2565 Postea
604 2507 712 2564 autem
736 2521 833 2586 quam
855 2499 1075 2574 Athenienses
1098 2521 1141 2563 ex
1159 2499 1327 2583 responsis
1351 2492 1445 2583 Apol-

278 2619 355 2684 linis
384 2617 555 2704 Delphici,
587 2619 751 2683 communi
779 2619 916 2685 consilio
950 2620 1050 2684 totius
1076 2615 1250 2700 HelladoS,
1278 2616 1370 2681 XIII
1398 2637 1446 2678 co-

279 2738 384 2802 lonias
405 2760 471 2802 uno
499 2745 643 2822 tempore
665 2737 700 2802 in
721 2737 836 2801 Asiam
866 2737 1089 2819 deduxerunt,
1121 2735 1285 2821 ducesque
1319 2738 1355 2801 in
1384 2736 1445 2798 sin-

142 2920 146 2928 ,
234 2875 261 2915 ro
278 2854 365 2939 gulis
394 2853 530 2919 coloniis
556 2856 810 2941 constituerunt,
840 2865 873 2921 et
904 2859 1062 2923 sum'mam
1090 2854 1219 2942 imperii
1251 2862 1443 2941 potestatem

278 2975 367 3056 Ioni,
394 2971 501 3037 Xuthi
529 2981 562 3038 et
589 2973 733 3039 Creusae
757 2975 842 3059 filio,
872 2976 1047 3058 dederunt,
1076 2996 1172 3062 quem
1201 2973 1302 3038 etiam
1328 2970 1443 3060 Apollo

277 3091 416 3178 Delphis
445 3112 540 3155 suum
570 3077 675 3158 filium
708 3093 743 3159 in
774 3097 939 3182 responsis
969 3104 1018 3159 est
1044 3093 1228 3180 professus:
1262 3093 1359 3180 isque
1392 3110 1442 3155 eas

254 3189 421 3278 'boloniae
451 3211 485 3274 in
506 3210 621 3274 Asiam
643 3211 795 3297 deduxit,
820 3221 852 3278 et
872 3213 990 3278 Cariae
1014 3211 1097 3277 fines
1120 3187 1311 3299 occupavit,
1335 3211 1442 3296 ibique

277 3331 427 3398 civitates
450 3329 666 3415 amplissimas
686 3332 873 3416 constituit,
900 3331 1083 3418 Ephesum,
1106 3330 1273 3414 Miletum,
1295 3329 1441 3416 Myunta,

232 3481 259 3520 25
278 3472 362 3537 quae
388 3448 465 3513 olim
489 3449 530 3514 ab
555 3470 640 3534 aqua
667 3458 718 3514 est
746 3449 919 3534 devorata,
948 3452 1040 3515 cuius
1069 3471 1164 3514 sacra
1192 3457 1223 3513 et
1251 3448 1439 3532 suffragium

276 3567 416 3632 Milesiis
447 3566 543 3632 Iones
576 3567 812 3651 attribuerunt,
844 3568 1002 3651 Prienen,
1036 3569 1185 3651 Samum,
1212 3566 1320 3650 Teon,
1352 3562 1438 3630 Colo-

277 3685 401 3773 phona,
427 3684 560 3768 Chium,
588 3683 765 3769 Erythras,
792 3685 991 3770 Phocaeam,
1014 3685 1240 3769 Clazomenas,
1263 3683 1437 3759 Lebedum,

276 3803 423 3869 Meliten.
467 3802 560 3867 Haec
588 3803 719 3885 Melite,
753 3813 885 3892 propter
914 3805 1036 3872 civium
1069 3805 1292 3891 arrogantiam
1321 3803 1366 3867 ab
1391 3798 1438 3864 his

277 3921 467 3989 civitatibus
486 3922 574 3987 bello
596 3923 734 4006 indicte,
757 3924 921 3989 communi
943 3923 1081 3989 consilio
1104 3907 1164 3987 est
1180 3921 1325 4004 sublata3
1350 3919 1436 3984 cuius

232 4066 258 4107 ao
276 4040 347 4106 loco
375 4048 490 4127 postea
517 4042 605 4127 regis
633 4041 738 4106 Attali
763 4052 795 4116 et
820 4042 978 4108 Arsinoes
1009 4041 1169 4117 beneficio
1189 4040 1436 4127 Smyrnaeorum

276 4160 393 4226 civitas
422 4161 507 4224 inter
528 4158 628 4225 Ionas
653 4169 703 4225 est
729 4169 870 4248 recepta.
916 4165 946 4224 5.
974 4159 1046 4226 Hae
1068 4161 1218 4250 civitates
1241 4182 1316 4255 cum
1339 4159 1436 4224 Caras

235 4270 238 4278 ’
276 4286 308 4343 et
326 4278 467 4365 Lelegas
489 4280 678 4364 eiecissent,
708 4300 780 4343 eam
802 4288 909 4346 terrae
935 4281 1104 4366 regionem
1129 4300 1150 4342 a
1170 4279 1253 4344 duce
1281 4301 1340 4344 suo
1363 4278 1436 4342 Ione

275 4395 523 4504 appellaverunt
536 4396 680 4480 Ionia1n3
704 4398 765 4484 (5.)
785 4399 897 4485 ibique
917 4399 1050 4463 deorum
1069 4395 1299 4467 immortalium
1318 4391 1435 4482 templa
