3008 5162
257 451 297 512 92
761 462 920 509 vrrnuvn

156 654 162 666 ·
255 616 426 702 implicare
446 638 512 698 eos,
536 618 592 702 qui
615 637 657 680 ex
680 637 717 678 eo
738 614 904 696 biberint3
929 613 988 678 sed
1006 614 1089 679 haec
1112 615 1224 701 opinio
1248 637 1348 701 quare
1371 635 1427 700 per
1493 671 1494 687 p

257 735 367 800 orbem
389 744 495 798 terrae
517 733 601 798 falso
625 755 754 800 rumore
785 733 827 795 sit
848 741 1047 818 pervagata,
1082 755 1148 798 non
1175 733 1303 820 pigebit
1330 741 1427 818 expo·
1493 765 1494 768 ¹

256 875 345 916 nere.
389 851 464 916 Non
497 853 584 915 enim
618 851 704 938 quod
737 850 858 913 dicitur
887 849 1001 914 molles
1037 859 1070 914 et
1102 851 1286 937 impudicos
1320 872 1365 912 ex
1393 871 1428 912 ea
1493 859 1494 864 ’

258 991 343 1056 aqua
365 969 445 1048 fieri,
468 968 502 1032 id
524 977 632 1055 potest
655 991 742 1051 esse3
772 968 831 1031 sed
858 976 907 1031 est
935 968 1005 1032 eius
1033 968 1133 1032 fontis
1157 976 1303 1056 potestas
1323 967 1428 1055 perlu-

227 1089 332 1152 scida
355 1109 515 1173 saporque
535 1088 698 1172 egregius.
745 1084 829 1150 Cum
852 1094 962 1150 autem
990 1087 1094 1151 Melas
1123 1096 1155 1151 et
1176 1087 1365 1152 Areuanias
1389 1085 1427 1148 ab

257 1208 358 1292 Argis
382 1214 414 1270 et
435 1205 603 1269 Troezene
626 1205 785 1270 coloniam
815 1226 1018 1270 communem
1049 1227 1086 1269 eo
1114 1202 1179 1269 loci
1208 1203 1428 1282 deduxerunt,

257 1326 414 1390 barbaros
443 1323 545 1388 (laras
575 1333 607 1388 et
634 1322 775 1407 Lelegas
805 1324 979 1387 eiecerunt.
1027 1321 1073 1384 Hi
1095 1330 1204 1385 autem
1233 1322 1276 1385 ad
1304 1331 1428 1385 montes

259 1443 382 1527 fugati,
410 1443 496 1506 inter
522 1464 556 1504 se
584 1444 776 1526 congregati
799 1441 1028 1505 discurrebant
1056 1449 1088 1504 et
1113 1439 1159 1504 ibi
1187 1439 1364 1503 latrocinia
1386 1439 1430 1500 fa-

259 1561 382 1624 cientes
410 1559 586 1624 crudeliter
609 1581 664 1622 eos
691 1559 877 1622 vastabant.
923 1557 1043 1622 Postea
1072 1558 1113 1621 de
1135 1556 1259 1621 colonis
1281 1578 1369 1619 unus
1390 1555 1429 1618 ad
1494 1553 1495 1592 l

217 1699 241 1738 ιο
259 1701 333 1742 eum
357 1679 480 1743 fontem
503 1679 836 1764 propternbonitatem
859 1698 978 1763 aquae,
1002 1685 1157 1763 quaestus
1179 1697 1298 1759 eausa,
1322 1676 1429 1739 taber·

258 1819 333 1860 nam
356 1795 507 1859 omnibus
530 1797 632 1882 copiis
654 1796 821 1878 instruxit,
844 1816 980 1880 eamque
1001 1793 1183 1858 exercendo
1200 1816 1255 1857 eos
1270 1793 1428 1858 barbaros

258 1910 444 1975 allectabat.
499 1909 551 1974 Ita
590 1911 781 1997 singillatim
813 1912 1023 1976 decurrentes
1060 1920 1093 1975 et
1128 1913 1170 1976 ad
1206 1921 1320 1976 coetus
1356 1934 1429 1976 eon-

258 2030 438 2109 venientes,
463 2051 480 2091 e
504 2027 584 2092 duro
608 2028 742 2114 feroque
765 2052 854 2094 more
874 2033 1062 2094 commutati
1078 2032 1113 2093 in
1129 2030 1333 2095 Graecorum
1357 2053 1429 2094 con-

260 2145 466 2209 suetudinem
486 2154 518 2209 at
544 2127 740 2210 suavitatem
768 2171 828 2212 sua
851 2149 1020 2213 voluntate
1041 2150 1292 2215 reducebantur.
1340 2149 1427 2232 Ergo

216 2283 241 2323 15
261 2287 298 2329 ea
321 2285 416 2350 aqua,
439 2285 504 2328 non
527 2262 683 2350 impudici
704 2268 810 2331 morbi
833 2268 915 2331 vitio
939 2267 997 2332 sed
1019 2269 1231 2332 humanitatis
1254 2267 1427 2332 dulcedine
1494 2285 1495 2334 1

259 2382 392 2448 mollitis
416 2383 532 2446 animis
555 2382 779 2467 barbarorum,
803 2406 874 2448 eam
897 2385 1017 2448 famam
1040 2394 1090 2449 est
1112 2383 1240 2471 adepta.

347 2623 395 2682 13.
420 2619 499 2706 (40.)
540 2619 748 2706 Relinquitur
778 2642 884 2704 nunc,
918 2621 1070 2707 quoniam
1102 2621 1145 2684 ad
1179 2621 1427 2708 explicationem
1495 2631 1496 2640 ¹

184 2735 185 2738 '
259 2737 423 2802 moenium
453 2758 564 2800 eorum
590 2759 661 2801 sum
688 2740 852 2821 invectus,
887 2749 923 2803 ut
949 2747 1034 2822 tota,
1063 2740 1111 2802 uti
1140 2748 1230 2822 sunt,
1263 2739 1425 2804 deliniam.

260 2852 541 2933 Quemadmodum
571 2854 657 2916 enim
686 2857 721 2918 in
746 2857 864 2920 dextra
890 2865 983 2943 parte
1015 2857 1128 2920 fanum
1155 2867 1205 2922 est
1229 2856 1371 2922 Veneris
1398 2863 1427 2920 et

215 2995 241 3034 20
259 2945 455 3054 fons⁰supra
473 2971 629 3056 scriptus,
660 2973 707 3035 ita
728 2974 762 3034 in
784 2975 916 3038 sinistro
939 2998 1039 3040 cornu
1061 2977 1153 3060 regia
1176 2975 1307 3058 domm,
1330 2998 1425 3063 quam

258 3110 319 3151 rex
335 3087 502 3151 Mausolus
526 3090 567 3153 ad
590 3112 682 3153 suam
702 3093 862 3156 rationem
883 3092 1065 3157 collocavit.
1112 3094 1321 3179 Conspicitur
1341 3095 1425 3158 enim

213 3203 220 3218 ⁸
259 3229 301 3271 ex
325 3228 363 3270 ea
388 3206 431 3269 ad
458 3206 608 3306 dextram
634 3217 761 3294 partem
787 3210 894 3274 forum
921 3220 953 3274 et
975 3221 1087 3296 portus
1112 3212 1340 3298 moeniumque
1360 3220 1426 3275 tota
1483 3291 1485 3296 Ι

258 3325 380 3409 finiti03
404 3326 465 3389 sub
490 3326 655 3390 sinistram
676 3335 819 3391 secretus
843 3327 904 3390 sub
926 3329 1090 3392 montibus
1111 3328 1215 3392 latens
1235 3338 1358 3415 portus,
1382 3331 1425 3392 ita

258 3453 294 3507 ut
316 3465 411 3508 nemo
429 3446 541 3529 possit,
563 3446 642 3531 quid
663 3447 698 3508 in
721 3467 759 3509 eo
777 3453 920 3529 geratur,
943 3447 1090 3530 aspicere
1112 3468 1173 3510 nee
1194 3447 1287 3529 scire,
1310 3457 1345 3511 ut
1367 3467 1424 3512 rex

215 3586 241 3626 rs
259 3563 329 3646 ipse
357 3561 398 3624 de
430 3583 490 3624 sua
521 3561 616 3625 domo
646 3562 825 3646 remigibus
848 3571 880 3625 et
901 3563 1061 3628 militibus
1091 3566 1161 3628 sine
1193 3563 1260 3628 ullo
1294 3566 1423 3642 sciente,

260 3700 342 3763 quae
365 3701 445 3764 opus
469 3687 588 3761 essent,
612 3681 796 3764 imperaret.

346 3919 394 3978 14.
426 3914 507 4000 (41.)
546 3913 663 4001 ltaque
690 3925 764 4000 post
789 3924 926 3980 mortem
950 3916 1091 3981 Mausoli
1119 3916 1298 3982 Artemisia
1325 3939 1423 3983 uxore

260 4037 329 4098 eius
351 4039 525 4118 regnante,
557 4032 679 4097 Rhodii
700 4034 909 4116 indignantes
932 4034 1100 4102 mulierem
1129 4037 1290 4121 imperare
1313 4039 1422 4101 civita·

258 4151 346 4215 tibus
363 4150 480 4214 Cariae
502 4152 612 4232 totius,
633 4161 758 4214 armata
775 4152 879 4216 classe
898 4154 1039 4238 profecti
1060 4162 1145 4234 sunt,
1161 4155 1210 4216 uti
1231 4153 1266 4218 id
1288 4175 1424 4239 regnum

216 4291 241 4332 ao
260 4274 464 4353 occuparent.
510 4266 594 4331 Tum
613 4268 810 4332 Artemisiae
830 4293 902 4332 eum
923 4278 1009 4334 esset
1030 4271 1064 4333 id
1086 4272 1318 4354 renuntiatum,
1335 4274 1371 4334 in
1389 4291 1422 4334 eo

258 4394 355 4470 portu
376 4384 560 4448 abstrusam
582 4386 721 4448 classem
742 4386 856 4450 celatis
877 4388 1057 4474 remigibus
1081 4397 1113 4453 et
1135 4388 1274 4476 epibatis
1299 4409 1423 4476 compa-
