3008 5162
274 423 314 485 80
775 434 935 482 vmauvn

274 587 427 654 dissimili
451 587 639 674 disparique
662 608 783 671 genere
808 590 845 651 in
872 589 1044 672 regionum
1067 588 1289 653 varietatibus
1313 586 1441 674 qualita-

274 716 324 770 tes
348 707 459 770 insunt
476 707 511 769 in
533 715 633 769 terra.
678 705 759 791 (27.)
784 705 930 771 Maxime
953 716 1060 771 autem
1079 709 1114 771 id
1131 707 1208 771 licet
1225 705 1441 787 considerare,

274 823 373 911 quod,
396 846 460 912 qua
482 847 574 888 mons
598 823 793 910 Apenninus
819 825 972 909 regiones
999 825 1119 890 Italiae
1141 825 1366 912 Etruriaeque
1389 827 1440 886 cir·

275 945 471 1028 cumcingit,
498 964 599 1028 prope
627 943 662 1007 in
691 943 841 1007 omnibus
865 943 946 1008 locis
968 967 1034 1009 non
1056 943 1174 1008 desunt
1197 942 1335 1008 fossicia
1358 942 1441 1006 hare·

243 1088 255 1125 5
275 1065 386 1146 naria;
413 1071 503 1126 trans
523 1061 732 1148 Apenninum
757 1083 852 1144 vero,
881 1084 964 1148 quac
991 1085 1067 1149 pars
1097 1073 1146 1126 est
1174 1062 1218 1126 ad
1238 1061 1440 1125 Adriaticum

273 1203 375 1264 mare,
402 1179 493 1244 nulla
518 1181 747 1261 inveniuntur;
772 1180 850 1242 item
873 1179 1010 1265 Achaia,
1032 1182 1124 1263 Asia,
1146 1191 1179 1245 et
1200 1181 1335 1245 omnino
1357 1188 1440 1242 trans

214 1373 218 1380 ⁴
273 1321 364 1364 mare
391 1321 432 1362 ne
453 1301 663 1364 nominantur
688 1297 830 1383 quidem.
876 1298 984 1384 Igitur
1011 1322 1078 1363 non
1107 1299 1141 1360 in
1174 1298 1327 1364 omnibus
1357 1297 1439 1377 locis,

273 1418 393 1505 quibus
415 1415 574 1480 effervent
597 1437 702 1502 aquae
732 1414 859 1479 calidae
888 1416 996 1480 crebri
1019 1416 1126 1480 fontes
1133 1467 1142 1500 ,
1172 1416 1308 1481 eaedem
1333 1438 1440 1502 oppor-

272 1538 430 1600 tunitates
453 1544 589 1623 possunt
612 1534 762 1598 similiter
784 1556 993 1616 concurrere3
1022 1533 1081 1598 sed
1109 1536 1233 1618 omnia,
1258 1536 1307 1598 uti
1329 1544 1439 1597 natura

231 1681 256 1722 10
273 1678 382 1720 rerum
404 1655 590 1735 constituit,
614 1675 679 1717 non
701 1662 737 1716 ut
757 1652 799 1716 ad
818 1652 1018 1738 voluptatem
1037 1653 1220 1733 hominum,
1243 1654 1302 1716 sed
1323 1662 1362 1716 ut
1383 1651 1439 1714 for·

272 1775 358 1836 tuitu
378 1773 546 1858 disparata
569 1780 791 1858 procreantur.
836 1775 865 1835 6.
895 1771 986 1856 Ergo
1016 1772 1135 1858 quibus
1162 1771 1242 1834 locis
1269 1793 1336 1835 non
1370 1777 1438 1834 sunt

272 1891 391 1953 terrosi
412 1897 549 1970 montes,
572 1889 631 1952 sed
653 1898 784 1953 tenerae
803 1891 968 1972 materiae,
992 1869 1078 1974 ignis
1094 1891 1146 1955 vis
1166 1912 1225 1977 per
1247 1891 1319 1954 cius
1342 1909 1437 1954 venas

274 2007 447 2092 egrediens
469 2007 579 2071 adurit
601 2029 689 2090 eam,
714 2009 800 2094 quod
823 2017 872 2071 est
892 2007 989 2072 molle
1005 2017 1037 2072 et
1052 2016 1200 2072 tenerum
1217 2009 1337 2090 exurit,
1358 2006 1437 2094 quod

274 2134 381 2189 autem
418 2147 570 2212 asperum
606 2124 771 2212 relinquit.
826 2126 943 2213 Itaque
976 2135 1013 2190 ut
1044 2128 1079 2190 in
1112 2126 1295 2215 Campania
1327 2135 1437 2190 exusta

232 2268 255 2309 15
274 2252 361 2307 terra
384 2244 477 2326 einis,
500 2244 603 2306 sicin
624 2241 757 2307 Etruria
781 2253 917 2309 excocta
937 2247 1076 2309 materia
1100 2245 1242 2310 efficitur
1263 2246 1436 2310 carbuncu-

272 2363 336 2427 lus.
381 2362 529 2450 Utraque
556 2372 667 2427 autem
690 2373 766 2428 sunt
789 2364 923 2448 egregia
950 2364 985 2426 in
1013 2364 1201 2447 structuris3
1234 2364 1294 2429 sed
1323 2365 1385 2428 alia
1405 2365 1435 2427 in

272 2483 411 2546 terrenis
444 2481 622 2565 aedificiis,
655 2482 720 2545 alia
754 2485 852 2546 etiam
879 2483 914 2546 in
942 2484 1113 2546 maritimis
1146 2483 1288 2547 molibus
1320 2483 1434 2548 habent

272 2603 438 2668 virtutem.
483 2600 544 2663 Est
573 2609 682 2664 autern
707 2603 864 2666 materiae
894 2611 1038 2687 potestas
1067 2603 1195 2667 mollior
1223 2625 1321 2690 quam
1343 2601 1433 2682 tolus,

272 2717 407 2783 solidior
429 2739 525 2804 quam
547 2726 651 2802 terra3
681 2742 746 2807 qua
772 2720 902 2807 penitus
926 2720 967 2784 ab
990 2721 1055 2785 imo
1079 2719 1286 2784 vehementia
1308 2719 1433 2806 vaporis

229 2861 256 2901 ao
273 2835 406 2918 adusta,
440 2832 606 2898 nonnullis
628 2835 716 2901 „locis
746 2847 939 2923 procreatur
968 2841 1002 2904 id
1030 2861 1133 2923 genus
1161 2836 1320 2919 harenae,
1354 2835 1432 2923 quod

273 2952 392 3015 dicitur
414 2953 641 3020 carbunculus.

705 3276 901 3344 CAPUT·
927 3277 1003 3342 VII.

359 3552 387 3609 1.
413 3545 495 3632 (28.)
523 3543 575 3607 De
604 3542 692 3607 calce
715 3551 748 3607 et
769 3544 908 3628 harena,
938 3545 1057 3631 quibus
1079 3546 1296 3612 varietatibus
1319 3547 1383 3610 sint
1402 3551 1428 3607 et

272 3685 353 3749 quas
372 3662 514 3726 habeant
533 3663 683 3740 virtutes,
703 3661 789 3745 dixi;
812 3665 960 3749 sequitur
978 3662 1056 3728 ordo
1075 3663 1116 3727 de
1130 3663 1318 3751 lapidicinis
1336 3662 1427 3749 expli-

227 3805 254 3847 25
271 3803 356 3863 care,
381 3781 421 3845 de
443 3779 560 3866 quibus
583 3788 614 3845 et
635 3780 796 3866 quadrata
818 3802 899 3845 saxa
918 3790 950 3845 et
967 3791 1207 3846 caementorum
1226 3781 1268 3844 ad
1288 3781 1428 3846 aedilicia

271 3900 459 3964 eximuntur
496 3899 607 3985 copiae
634 3907 666 3962 et
693 3907 932 3986 comparantur.
977 3898 1050 3962 Hae
1083 3908 1191 3963 autern
1225 3871 1428 3964 inueniuntur

270 4038 343 4080 esse
372 4015 558 4102 disparibus
587 4025 620 4079 et
648 4016 863 4081 dissimilibus
893 4017 1081 4082 virtutibus.
1127 4017 1209 4080 Sunt
1237 4018 1325 4080 enim
1352 4016 1426 4080 aliae

270 4133 401 4216 molles,
423 4134 472 4196 uti
494 4141 570 4196 sunt
592 4134 679 4197 circa
703 4135 827 4199 Urbem
849 4135 998 4218 Rubrae,
1026 4132 1223 4216 Pallienses,
1246 4134 1426 4212 Fidenates,

269 4250 439 4333 Albanae3
460 4251 543 4314 aliae
564 4259 774 4338 temperatae,
795 4254 843 4316 uti
860 4253 1063 4336 Tiburtinae,
1085 4252 1321 4336 Amiterninae,
1341 4253 1426 4318 Sora·

227 4390 252 4430 ao
270 4368 377 4429 otinas
399 4376 431 4431 et
449 4389 533 4452 quae
555 4375 631 4430 sunt
657 4368 708 4431 his
736 4369 925 4453 regionibus
952 4369 1127 4435 nonnullae
1150 4371 1267 4452 durae,
1297 4373 1345 4435 uti
1367 4368 1424 4433 sili-
