3028 5164
247 425 306 487 168
749 431 907 478 vrrauvn

246 588 429 676 appellant,
450 589 498 652 uti
519 588 625 652 nostri
653 607 692 650 ea
710 606 793 648 cava
815 581 1032 664 columbaria3
1056 582 1102 644 ita
1122 583 1209 668 quod
1227 582 1320 646 inter
1344 581 1429 644 duas

247 729 326 794 opas
340 713 391 769 est
404 705 645 790 intertignium,
668 704 703 767 id
714 697 840 785 μετόπη
855 701 942 787 apud
955 722 1011 764 eos
1029 701 1227 764 nominatur.
1253 704 1284 763 5.
1303 699 1361 762 lta
1380 701 1430 762 uti

248 831 323 888 ante
345 824 379 885 in
401 821 532 886 Doricis
554 819 794 906 triglyphorum
817 828 849 882 et
872 818 1070 883 mutulorum
1093 827 1143 882 est
1164 819 1304 884 inventa
1328 819 1429 902 ratio,

248 944 324 1006 item
346 942 382 1004 in
403 939 525 1003 Ionicis
549 938 787 1002 denticulorum
810 937 999 1002 constitutio
1021 938 1188 1026 propriam
1208 939 1243 1001 in
1266 938 1431 1025 operibus

218 1059 346 1124 shabet
372 1058 549 1140 rationem;
581 1064 613 1120 et
640 1055 912 1143 quemadmodum
940 1054 1057 1117 mutuli
1079 1054 1327 1118 cantheriorum
1357 1075 1431 1141 pro-

249 1178 394 1241 iecturae
425 1174 535 1238 ferunt
564 1174 759 1258 imaginem,
794 1175 842 1237 sio
869 1174 904 1236 in
930 1172 1053 1236 lonicis
1091 1171 1247 1237 denticuli
1278 1194 1325 1236 ex
1355 1194 1431 1258 pro-

251 1292 384 1358 iecturis
403 1314 549 1356 asserum
569 1291 691 1356 habent
709 1292 936 1356 imitationem.

340 1411 422 1496 (20.)
445 1410 561 1497 Itaque
582 1409 617 1472 in
640 1407 776 1473 Graecis
799 1407 952 1496 operibus
973 1428 1068 1472 nemo
1089 1407 1150 1471 sub
1172 1408 1296 1472 mutulo
1323 1409 1432 1472 denti-

259 1529 349 1592 culos
367 1528 552 1610 constituit5
581 1548 647 1591 non
674 1528 760 1592 enim
787 1517 926 1616 possun't
951 1526 1066 1590 subtus
1086 1527 1271 1592 cantherios
1294 1547 1432 1590 asseres

209 1665 236 1706 ro
254 1669 336 1710 esse.
383 1644 479 1726 Quod
499 1668 576 1730 ergo
599 1668 697 1733 supra
719 1645 902 1709 cantherios
918 1655 950 1709 et
967 1645 1089 1731 templa
1111 1647 1145 1709 in
1164 1647 1305 1710 veritate
1330 1643 1434 1708 debet

254 1787 326 1828 esse
347 1762 555 1846 collocatum,
578 1765 613 1828 id
631 1766 667 1828 in
690 1764 905 1850 imaginibus,
930 1766 958 1828 si
975 1764 1063 1827 infra
1082 1763 1293 1828 constitutum
1310 1763 1432 1844 fuerit,
1496 1807 1497 1860 q

255 1880 444 1943 mendosam
473 1880 609 1944 habebit
638 1883 745 1967 operis
775 1885 945 1947 rationem.
997 1883 1172 1970 Etiamque
1202 1882 1335 1967 antiqui
1366 1903 1435 1944 non
1497 1955 1499 2001 l

255 1997 477 2081 probaverunt
499 2020 604 2084 neque
627 1999 839 2064 instituerunt
861 2001 896 2064 in
918 2000 1060 2085 fastigiis
1083 1999 1223 2064 mutulos
1244 2006 1302 2061 aut
1320 1998 1435 2061 denti·
1498 2005 1500 2072 i

256 2114 346 2176 culos
374 2112 463 2195 fieri,
488 2115 546 2178 sed
575 2137 674 2200 puras
702 2138 855 2200 coronas3
886 2118 959 2182 ideo
986 2116 1074 2205 quod
1091 2130 1161 2181 'neo
1182 2116 1348 2179 cantherii
1370 2138 1434 2178 nec
1500 2104 1501 2131 ¹

1501 2178 1502 2209 l

214 2258 238 2297 rs
255 2252 383 2294 asseres
403 2239 516 2297 contra
537 2232 743 2318 fastigiorum
772 2233 896 2299 frontes
919 2235 1177 2318 distribuuntur,
1206 2256 1266 2297 nec
1287 2241 1434 2320 possunt
1502 2251 1503 2272 ¹

256 2351 456 2434 prominere,
485 2350 543 2414 sed
565 2351 608 2413 ad
628 2350 797 2415 stillicidia
818 2351 992 2438 proclinati
1014 2351 1222 2417 collocantur.
1269 2352 1356 2436 (21.)
1381 2349 1435 2412 Ita

257 2466 345 2553 quod
367 2490 433 2532 non
453 2477 562 2555 potest
583 2469 617 2531 in
636 2470 774 2533 veritate
800 2469 889 2553 fieri,
918 2470 953 2532 id
979 2493 1045 2534 non
1067 2476 1267 2557 putaverunt
1289 2470 1324 2531 in
1350 2470 1433 2532 ima-

258 2584 390 2669 ginibus
411 2585 535 2648 factum
556 2608 652 2670 posse
673 2595 794 2650 certam
812 2589 971 2651 rationem
994 2587 1133 2671 habere3
1158 2591 1187 2651 6.
1211 2587 1320 2652 omnia
1341 2589 1433 2651 enim

259 2709 348 2765 certa
370 2703 568 2787 proprietate
596 2711 629 2766 et
654 2726 673 2766 a
702 2705 790 2768 veris
813 2713 950 2769 naturae
978 2705 1118 2770 deducta
1148 2705 1293 2770 moribus
1321 2714 1434 2770 trans-

214 2818 426 2886 reduxerunt
447 2818 483 2880 in
505 2840 637 2904 operum
659 2821 895 2907 perfectiones3
920 2832 951 2887 et
973 2844 1012 2886 ea
1030 2823 1268 2908 probaverunt,
1288 2845 1434 2910 quorum

260 2933 493 3019 explicationes
516 2937 551 3000 in
569 2937 846 3024 disputationibus
868 2942 1028 3004 rationem
1049 2950 1187 3025 possunt
1204 2940 1326 3004 habere
1342 2943 1435 3006 veri-

259 3051 348 3114 tatis.
392 3048 509 3136 Itaque
541 3076 583 3117 ex
617 3057 665 3119 eis
698 3055 880 3140 originibus
913 3060 1117 3143 symmetrias
1144 3067 1176 3122 ct
1203 3060 1435 3146 proportiones

260 3168 517 3257 uniuscuiusque
539 3174 670 3256 generis
686 3176 880 3239 constitutas
903 3176 1120 3261 reliquerunt,
1143 3198 1281 3262 quorum
1302 3177 1435 3263 ingres·

261 3307 315 3350 sus
337 3296 526 3373 persecutus
558 3289 599 3353 de
625 3290 748 3356 Ionicis
777 3301 809 3355 et
833 3291 1011 3357 Corinthiis
1040 3294 1299 3358 institutionibus
1331 3317 1436 3383 supra

215 3433 242 3474 25
261 3403 346 3487 dixi3
369 3428 457 3469 nunc
479 3430 557 3472 vero
580 3408 736 3473 Doricam
759 3411 921 3475 rationem
942 3431 1165 3497 summamque
1193 3412 1262 3474 eius
1283 3415 1433 3499 speciem

262 3519 404 3588 breviter
425 3547 597 3612 exponam.

684 3762 891 3830 CAPUT
932 3763 996 3828 ΠΙ.

347 4012 375 4070 1.
400 4004 481 4091 (22.)
510 4000 668 4067 Nonnulli
701 4001 827 4089 antiqui
858 4001 1028 4065 architecti
1055 4010 1274 4087 negaverunt,
1306 4001 1433 4068 Dorico

261 4147 380 4214 genere
400 4123 497 4188 aedes
519 4144 629 4185 sacras
652 4127 800 4206 oportere
825 4119 910 4201 fieri,
940 4119 1027 4206 quod
1049 4121 1224 4185 mendosae
1246 4129 1279 4184 et
1302 4120 1434 4186 discon-

204 4245 245 4309 ‘so
262 4246 431 4309 venientes
457 4242 492 4304 in
518 4239 568 4303 his
598 4240 806 4324 symmetriae
835 4236 1101 4302 conficiebantur.
1152 4237 1269 4323 Itaque
1295 4241 1435 4322 negavit

263 4357 475 4438 Tarchesius,
504 4357 582 4420 item
604 4354 760 4441 Pythius,
789 4378 854 4421 non
881 4355 989 4418 minus
1015 4353 1253 4441 Hermogenes.
1297 4353 1382 4420 Nam
1405 4356 1433 4420 is
