3028 5164
263 499 324 562 228
627 549 629 556 .
770 511 928 560 v1rauv11

262 655 357 750 vero,
388 667 423 730 in
446 666 583 752 quibus,
614 688 687 730 cum
709 667 743 730 in
767 665 871 730 solido
894 675 984 730 tactu
1006 687 1162 751 percussa
1183 664 1328 747 resiliat,
1357 666 1448 728 ima-

263 787 356 869 gines
391 784 605 869 exprimendo
639 784 834 848 novissimos
868 806 962 847 casus
1000 782 1147 869 duplices
1174 782 1276 846 faeiat
1302 783 1446 864 auditu3

263 904 341 965 item
373 911 591 990 consonantes
622 910 712 984 sunt,
750 904 785 964 in
823 901 943 988 quibus
977 901 1018 964 ab
1056 901 1130 964 imis
1165 900 1327 964 auxiliata
1363 923 1445 963 cum

263 1021 463 1086 incremento
497 1020 658 1084 scandens
687 1019 875 1105 egrediatur
901 1018 944 1082 ad
978 1040 1073 1082 aures
1106 1018 1229 1082 diserta
1258 1018 1444 1083 verborum

233 1137 424 1201 sclaritate.

351 1253 431 1338 (58.)
455 1253 507 1317 Ita
530 1255 559 1317 si
580 1254 616 1316 in
644 1254 786 1318 locorum
816 1253 974 1317 electione
1001 1254 1101 1317 fuerit
1117 1253 1264 1337 ‘diligens
1287 1254 1442 1318 animad-

263 1371 371 1435 versio
380 1420 389 1453 ,
408 1369 598 1434 emendatus
619 1372 681 1434 erit
697 1371 873 1455 prudentia
886 1371 928 1434 ad
945 1371 1119 1435 utilitatem
1137 1373 1172 1434 in
1191 1370 1327 1434 theatris
1343 1373 1441 1436 vocis

265 1488 409 1552 effectus.
454 1488 648 1551 Formarum
669 1497 778 1552 autem
805 1487 1041 1575 descriptiones
1070 1490 1155 1553 inter
1180 1511 1215 1552 se
1236 1487 1438 1552 discrimini-

263 1605 324 1668 bus
358 1607 410 1670 his
447 1615 542 1670 erunt
569 1615 717 1688 notatae,
750 1607 799 1669 uti
833 1628 915 1691 quae
944 1629 987 1670 ex
1014 1605 1182 1693 quadratis
1212 1605 1440 1691 designantur,

179 1761 180 1766 κ
225 1744 248 1784 ιο
264 1724 464 1788 Graecorum
486 1724 629 1788 habeant
651 1747 747 1807 usus,
768 1723 889 1788 Latina
914 1747 930 1788 e
952 1724 1086 1809 paribus
1109 1722 1267 1787 lateribus
1290 1725 1440 1808 trigono·

263 1864 345 1904 rum.
397 1842 451 1906 Ita
481 1842 533 1906 his
561 1843 873 1928 praescriptionibus
901 1845 957 1929 qui
982 1842 1124 1908 voluerit
1153 1845 1216 1928 uti,
1245 1843 1440 1908 emendatas

263 1957 385 2020 efficiet
408 1957 608 2022 theatrorum
631 1959 860 2044 perfectiones.
1004 1941 1007 1946 ⁸

539 2227 541 2232 ⁵
655 2276 847 2341 cucur
883 2278 925 2340 x.
951 2277 1044 2366 (x.)

353 2553 381 2611 1.
406 2547 487 2633 (59.)
516 2545 595 2610 Post
628 2568 759 2610 scenam
788 2549 932 2633 porticus
967 2556 1042 2611 sunt
1076 2547 1339 2641 constituendae,
1374 2549 1434 2632 uti,

223 2692 247 2731 15
265 2687 340 2730 cum
364 2664 486 2728 imbres
509 2666 671 2750 repentini
698 2664 793 2728 ludos
819 2665 1116 2750 interpellaverint,
1146 2666 1266 2731 habeat
1295 2666 1433 2752 populus

265 2805 329 2869 quo
342 2804 376 2846 se
388 2782 527 2867 recipiat
537 2803 579 2844 ex
590 2782 733 2861 theatro,
753 2782 972 2870 choragiaque
990 2785 1212 2848 laxamentum
1225 2785 1369 2850 habeant
1391 2787 1435 2849 ad

265 2898 535 2984 comparandum3
558 2899 607 2962 uti
630 2906 704 2962 sunt
719 2901 862 2984 porticus
878 2900 1113 2987 Pompeianae3
1135 2905 1278 2988 itemque
1293 2904 1433 2967 Athenis

264 3015 408 3099 porticus
439 3014 601 3080 Eumenia
628 3015 799 3103 Patrisque
828 3018 943 3098 Liberi
973 3019 1103 3101 fanum,
1133 3028 1165 3083 et
1192 3020 1387 3085 exeuntibus
1414 3044 1433 3084 e

168 3183 171 3188 .
263 3133 391 3197 theatro
420 3133 552 3196 sinistra
582 3143 676 3220 parte
705 3134 848 3218 Odeum,
878 3136 965 3222 quod
989 3136 1241 3219 Themistocles,
1273 3138 1431 3202 columnis

220 3273 245 3314 πο
263 3251 403 3337 lapideis
428 3253 613 3338 dispositis,
641 3253 776 3316 navium
795 3253 887 3316 malis
911 3264 943 3317 et
965 3258 1126 3319 antemnis
1151 3279 1167 3320 e
1191 3255 1304 3343 spoliis
1326 3255 1431 3320 Persi-

264 3372 310 3434 cis
327 3372 483 3462 pertexit,
507 3370 595 3434 idem
612 3378 721 3434 autem
738 3371 907 3436 incensum
922 3372 1145 3437 Mithridatico
1159 3373 1246 3438 bello
1263 3396 1322 3437 rex
1339 3374 1430 3438 Ario-

263 3488 423 3553 barzanes
452 3491 612 3573 restituit3
639 3488 796 3576 Smyrnae
820 3490 1076 3574 Stratoniceum
1099 3491 1266 3555 Trallibus
1288 3493 1428 3576 porticus

265 3627 307 3668 ex
328 3615 466 3694 utraque
488 3615 580 3693 parte
600 3628 717 3671 scenae
731 3630 831 3693 supra
853 3610 1010 3693 stadium3
1033 3610 1215 3696 ceterisque
1232 3609 1428 3693 civitatibus,

264 3745 347 3809 quae
377 3724 599 3810 diligentiores
629 3724 814 3846 habuerunt
841 3726 1051 3808 architectos,
1083 3727 1163 3812 (60.)
1194 3728 1282 3791 circa
1305 3726 1428 3790 theatra

219 3869 245 3909 25
265 3849 340 3904 sunt
362 3843 506 3926 porticus
529 3851 562 3906 et
582 3843 831 3907 ambulationes.
1097 3922 1099 3926 ι

349 3963 379 4023 2.
402 3958 496 4038 Quae
516 3960 670 4025 videntur
690 3960 737 4024 ita
756 3970 904 4046 oportere
927 3962 1098 4045 collocari,
1127 3965 1176 4028 uti
1199 3962 1345 4050 duplices
1366 3965 1426 4027 sint

263 4075 470 4162 habeantque
492 4078 669 4142 exteriores
692 4078 857 4143 columnas
877 4079 1017 4144 Doricas
1041 4102 1114 4144 cum
1137 4063 1299 4167 epistyliis
1327 4088 1357 4143 et
1380 4103 1425 4143 or-

263 4194 425 4258 namentis
441 4217 484 4259 ex
501 4197 628 4262 ratione
645 4196 877 4261 modulationis
898 4198 1073 4282 perfectas.
1121 4197 1203 4284 (61.)
1223 4197 1425 4262 Latitudines

263 4317 372 4373 autem
395 4332 505 4376 earum
528 4313 575 4375 ita
597 4322 746 4397 oportere
768 4313 841 4379 fieri
864 4315 1034 4397 videntur,
1056 4317 1105 4379 uti
1123 4323 1245 4402 quanta
1259 4315 1425 4379 altitudine

220 4447 246 4489 so
263 4423 432 4489 columnae
460 4427 582 4492 fuerint
610 4432 806 4513 exteriores,
834 4441 956 4494 tantam
984 4431 1191 4496 latitudinem
1218 4430 1360 4495 habeant
1385 4432 1424 4495 ab
