<?xml version="1.0" encoding="UTF-8"?>
<!DOCTYPE html PUBLIC "-//W3C//DTD XHTML 1.0 Transitional//EN"
    "http://www.w3.org/TR/xhtml1/DTD/xhtml1-transitional.dtd">
<html xmlns="http://www.w3.org/1999/xhtml" xml:lang="en" lang="en">
 <head>
  <title>
</title>
<meta http-equiv="Content-Type" content="text/html;charset=utf-8" />
  <meta name='ocr-system' content='tesseract 3.04.00' />
  <meta name='ocr-capabilities' content='ocr_page ocr_carea ocr_par ocr_line ocrx_word'/>
</head>
<body>
  <div class='ocr_page' id='page_1' title='image "./marcivitruviipo00loregoog_0132.png"; bbox 0 0 3008 5162; ppageno 0'>
   <div class='ocr_carea' id='block_1_1' title="bbox 269 434 928 498">
    <p class='ocr_par' dir='ltr' id='par_1_1' title="bbox 269 434 928 498">
     <span class='ocr_line' id='line_1_1' title="bbox 269 434 928 498; baseline -0.005 -2"><span class='ocrx_word' id='word_1_1' title='bbox 269 434 328 497; x_wconf 80' lang='lat'><strong>124</strong></span> <span class='ocrx_word' id='word_1_2' title='bbox 543 491 545 498; x_wconf 75' lang='grc'><strong>,</strong></span> <span class='ocrx_word' id='word_1_3' title='bbox 767 445 928 494; x_wconf 75' lang='lat' dir='ltr'><strong>urruvn</strong></span> 
     </span>
    </p>
   </div>
   <div class='ocr_carea' id='block_1_2' title="bbox 266 598 1432 923">
    <p class='ocr_par' dir='ltr' id='par_1_2' title="bbox 266 598 1432 923">
     <span class='ocr_line' id='line_1_2' title="bbox 266 598 1432 686; baseline -0.002 -20"><span class='ocrx_word' id='word_1_4' title='bbox 266 602 319 666; x_wconf 89' lang='lat' dir='ltr'><strong>usi</strong></span> <span class='ocrx_word' id='word_1_5' title='bbox 340 621 478 686; x_wconf 90' lang='lat' dir='ltr'><strong>magnas</strong></span> <span class='ocrx_word' id='word_1_6' title='bbox 500 608 533 664; x_wconf 90' lang='lat' dir='ltr'><strong>et</strong></span> <span class='ocrx_word' id='word_1_7' title='bbox 553 598 701 664; x_wconf 86' lang='lat' dir='ltr'><strong>infinitas</strong></span> <span class='ocrx_word' id='word_1_8' title='bbox 721 598 838 664; x_wconf 84' lang='lat' dir='ltr'><strong>laudes</strong></span> <span class='ocrx_word' id='word_1_9' title='bbox 859 607 936 664; x_wconf 88' lang='lat' dir='ltr'><strong>sunt</strong></span> <span class='ocrx_word' id='word_1_10' title='bbox 950 599 1103 665; x_wconf 75' lang='lat' dir='ltr'><strong>assecuti.</strong></span> <span class='ocrx_word' id='word_1_11' title='bbox 1148 605 1179 666; x_wconf 86' lang='lat'><strong>3.</strong></span> <span class='ocrx_word' id='word_1_12' title='bbox 1202 601 1264 686; x_wconf 83' lang='lat'><strong>(8.)</strong></span> <span class='ocrx_word' id='word_1_13' title='bbox 1285 599 1432 664; x_wconf 82' lang='lat' dir='ltr'><strong>Similiter</strong></span> 
     </span>
     <span class='ocr_line' id='line_1_3' title="bbox 267 715 1432 804; baseline -0.003 -20"><span class='ocrx_word' id='word_1_14' title='bbox 267 740 346 784; x_wconf 86' lang='lat' dir='ltr'><strong>vero</strong></span> <span class='ocrx_word' id='word_1_15' title='bbox 369 739 537 784; x_wconf 88' lang='lat' dir='ltr'><strong>sacrarum</strong></span> <span class='ocrx_word' id='word_1_16' title='bbox 562 718 694 784; x_wconf 89' lang='lat' dir='ltr'><strong>aedium</strong></span> <span class='ocrx_word' id='word_1_17' title='bbox 722 715 869 780; x_wconf 89' lang='lat' dir='ltr'><strong>membra</strong></span> <span class='ocrx_word' id='word_1_18' title='bbox 900 717 942 784; x_wconf 88' lang='lat' dir='ltr'><strong>ad</strong></span> <span class='ocrx_word' id='word_1_19' title='bbox 972 719 1177 789; x_wconf 73' lang='lat' dir='ltr'><strong>universam,</strong></span> <span class='ocrx_word' id='word_1_20' title='bbox 1190 721 1293 784; x_wconf 89' lang='lat' dir='ltr'><strong>totius</strong></span> <span class='ocrx_word' id='word_1_21' title='bbox 1316 720 1432 804; x_wconf 89' lang='lat' dir='ltr'><strong>magni-</strong></span> 
     </span>
     <span class='ocr_line' id='line_1_4' title="bbox 269 833 1432 923; baseline 0 -22"><span class='ocrx_word' id='word_1_22' title='bbox 269 836 391 902; x_wconf 82' lang='lat' dir='ltr'><strong>tudinis</strong></span> <span class='ocrx_word' id='word_1_23' title='bbox 418 858 578 901; x_wconf 91' lang='lat' dir='ltr'><strong>summam</strong></span> <span class='ocrx_word' id='word_1_24' title='bbox 606 857 647 900; x_wconf 88' lang='lat' dir='ltr'><strong>ex</strong></span> <span class='ocrx_word' id='word_1_25' title='bbox 675 833 824 923; x_wconf 86' lang='lat' dir='ltr'><strong>partibus</strong></span> <span class='ocrx_word' id='word_1_26' title='bbox 856 837 995 923; x_wconf 89' lang='lat' dir='ltr'><strong>singulis</strong></span> <span class='ocrx_word' id='word_1_27' title='bbox 1017 838 1363 903; x_wconf 87' lang='lat' dir='ltr'><strong>convenientissimum</strong></span> <span class='ocrx_word' id='word_1_28' title='bbox 1387 837 1432 901; x_wconf 93' lang='lat' dir='ltr'><strong>de-</strong></span> 
     </span>
    </p>
   </div>
   <div class='ocr_carea' id='block_1_3' title="bbox 269 955 934 1041">
    <p class='ocr_par' dir='ltr' id='par_1_3' title="bbox 269 888 1485 1041">
     <span class='ocr_line' id='line_1_5' title="bbox 269 955 934 1041; baseline -0.003 -19"><span class='ocrx_word' id='word_1_29' title='bbox 269 955 348 1022; x_wconf 91' lang='lat' dir='ltr'><strong>bent</strong></span> <span class='ocrx_word' id='word_1_30' title='bbox 369 955 489 1022; x_wconf 89' lang='lat' dir='ltr'><strong>habere</strong></span> <span class='ocrx_word' id='word_1_31' title='bbox 509 976 712 1020; x_wconf 82' lang='lat' dir='ltr'><strong>commensus</strong></span> <span class='ocrx_word' id='word_1_32' title='bbox 731 976 934 1041; x_wconf 88' lang='lat' dir='ltr'><strong>responsum.</strong></span> 
     </span>
    </p>
   </div>
   <div class='ocr_carea' id='block_1_4' title="bbox 227 1071 1488 4484">
    <p class='ocr_par' dir='ltr' id='par_1_4' title="bbox 239 1071 1486 1636">
     <span class='ocr_line' id='line_1_6' title="bbox 239 1071 1432 1162; baseline -0.001 -23"><span class='ocrx_word' id='word_1_33' title='bbox 239 1100 252 1139; x_wconf 79' lang='lat' dir='ltr'><strong>s</strong></span> <span class='ocrx_word' id='word_1_34' title='bbox 357 1074 418 1162; x_wconf 84' lang='lat'>(9.)</span> <span class='ocrx_word' id='word_1_35' title='bbox 442 1073 525 1139; x_wconf 91' lang='lat' dir='ltr'><strong>Item</strong></span> <span class='ocrx_word' id='word_1_36' title='bbox 555 1075 699 1160; x_wconf 87' lang='lat' dir='ltr'><strong>corporis</strong></span> <span class='ocrx_word' id='word_1_37' title='bbox 727 1081 875 1137; x_wconf 82' lang='lat' dir='ltr'><strong>centrum</strong></span> <span class='ocrx_word' id='word_1_38' title='bbox 903 1072 1048 1137; x_wconf 91' lang='lat' dir='ltr'><strong>medium</strong></span> <span class='ocrx_word' id='word_1_39' title='bbox 1076 1071 1273 1138; x_wconf 77' lang='lat' dir='ltr'><strong>naturaliter</strong></span> <span class='ocrx_word' id='word_1_40' title='bbox 1300 1082 1350 1138; x_wconf 89' lang='lat' dir='ltr'><strong>est</strong></span> <span class='ocrx_word' id='word_1_41' title='bbox 1372 1096 1432 1138; x_wconf 89' lang='lat' dir='ltr'><strong>um·</strong></span> 
     </span>
     <span class='ocr_line' id='line_1_7' title="bbox 268 1187 1433 1278; baseline -0.003 -21"><span class='ocrx_word' id='word_1_42' title='bbox 268 1190 399 1257; x_wconf 88' lang='lat' dir='ltr'><strong>bilieus.</strong></span> <span class='ocrx_word' id='word_1_43' title='bbox 444 1190 594 1278; x_wconf 84' lang='lat' dir='ltr'><strong>Namque</strong></span> <span class='ocrx_word' id='word_1_44' title='bbox 620 1191 650 1254; x_wconf 88' lang='lat' dir='ltr'><strong>si</strong></span> <span class='ocrx_word' id='word_1_45' title='bbox 680 1190 776 1256; x_wconf 93' lang='lat' dir='ltr'><strong>homo</strong></span> <span class='ocrx_word' id='word_1_46' title='bbox 804 1190 983 1256; x_wconf 87' lang='lat' dir='ltr'><strong>collocatus</strong></span> <span class='ocrx_word' id='word_1_47' title='bbox 1006 1187 1108 1256; x_wconf 83' lang='lat' dir='ltr'><strong>fuerit</strong></span> <span class='ocrx_word' id='word_1_48' title='bbox 1131 1191 1267 1278; x_wconf 87' lang='lat' dir='ltr'><strong>supinus</strong></span> <span class='ocrx_word' id='word_1_49' title='bbox 1289 1190 1433 1257; x_wconf 88' lang='lat' dir='ltr'><strong>manibus</strong></span> 
     </span>
     <span class='ocr_line' id='line_1_8' title="bbox 270 1306 1433 1398; baseline -0.003 -22"><span class='ocrx_word' id='word_1_50' title='bbox 270 1319 303 1376; x_wconf 90' lang='lat' dir='ltr'><strong>et</strong></span> <span class='ocrx_word' id='word_1_51' title='bbox 327 1310 468 1398; x_wconf 87' lang='lat' dir='ltr'><strong>pedibus</strong></span> <span class='ocrx_word' id='word_1_52' title='bbox 489 1310 619 1397; x_wconf 87' lang='lat' dir='ltr'><strong>pansis,</strong></span> <span class='ocrx_word' id='word_1_53' title='bbox 642 1308 821 1396; x_wconf 88' lang='lat' dir='ltr'><strong>circinique</strong></span> <span class='ocrx_word' id='word_1_54' title='bbox 841 1306 1035 1374; x_wconf 89' lang='lat' dir='ltr'><strong>collocatum</strong></span> <span class='ocrx_word' id='word_1_55' title='bbox 1058 1317 1205 1376; x_wconf 84' lang='lat' dir='ltr'><strong>centrum</strong></span> <span class='ocrx_word' id='word_1_56' title='bbox 1229 1311 1266 1374; x_wconf 91' lang='lat' dir='ltr'><strong>in</strong></span> <span class='ocrx_word' id='word_1_57' title='bbox 1286 1309 1433 1376; x_wconf 85' lang='lat' dir='ltr'><strong>umbilico</strong></span> 
     </span>
     <span class='ocr_line' id='line_1_9' title="bbox 269 1399 1486 1515; baseline -0.004 -21"><span class='ocrx_word' id='word_1_58' title='bbox 269 1431 355 1514; x_wconf 89' lang='lat' dir='ltr'><strong>eius,</strong></span> <span class='ocrx_word' id='word_1_59' title='bbox 392 1425 645 1514; x_wconf 88' lang='lat' dir='ltr'><strong>circumagendo</strong></span> <span class='ocrx_word' id='word_1_60' title='bbox 677 1421 941 1493; x_wconf 82' lang='lat' dir='ltr'><strong>rotundationem</strong></span> <span class='ocrx_word' id='word_1_61' title='bbox 972 1399 1184 1515; x_wconf 81' lang='lat' dir='ltr'><strong>utrarumque</strong></span> <span class='ocrx_word' id='word_1_62' title='bbox 1221 1450 1377 1494; x_wconf 89' lang='lat' dir='ltr'><strong>manuum</strong></span> <span class='ocrx_word' id='word_1_63' title='bbox 1406 1435 1434 1491; x_wconf 89' lang='lat' dir='ltr'><strong>et</strong></span> <span class='ocrx_word' id='word_1_64' title='bbox 1485 1452 1486 1506; x_wconf 60' lang='lat' dir='ltr'><strong>q</strong></span> 
     </span>
     <span class='ocr_line' id='line_1_10' title="bbox 269 1545 1432 1636; baseline -0.002 -23"><span class='ocrx_word' id='word_1_65' title='bbox 269 1549 390 1636; x_wconf 91' lang='lat' dir='ltr'><strong>pedum</strong></span> <span class='ocrx_word' id='word_1_66' title='bbox 425 1549 521 1633; x_wconf 85' lang='lat' dir='ltr'><strong>digiti</strong></span> <span class='ocrx_word' id='word_1_67' title='bbox 554 1547 642 1613; x_wconf 90' lang='lat' dir='ltr'><strong>linea</strong></span> <span class='ocrx_word' id='word_1_68' title='bbox 673 1552 858 1632; x_wconf 88' lang='lat' dir='ltr'><strong>tangentur.</strong></span> <span class='ocrx_word' id='word_1_69' title='bbox 916 1545 991 1612; x_wconf 86' lang='lat' dir='ltr'><strong>Non</strong></span> <span class='ocrx_word' id='word_1_70' title='bbox 1026 1548 1135 1612; x_wconf 90' lang='lat' dir='ltr'><strong>minus</strong></span> <span class='ocrx_word' id='word_1_71' title='bbox 1167 1547 1432 1635; x_wconf 90' lang='lat' dir='ltr'><strong>quemadmodum</strong></span> 
     </span>
    </p>

    <p class='ocr_par' dir='ltr' id='par_1_5' title="bbox 229 1665 1487 2226">
     <span class='ocr_line' id='line_1_11' title="bbox 229 1665 1433 1753; baseline 0.002 -26"><span class='ocrx_word' id='word_1_72' title='bbox 229 1684 254 1726; x_wconf 81' lang='lat' dir='ltr'><strong>ro</strong></span> <span class='ocrx_word' id='word_1_73' title='bbox 271 1667 402 1731; x_wconf 90' lang='lat' dir='ltr'><strong>schema</strong></span> <span class='ocrx_word' id='word_1_74' title='bbox 422 1665 662 1732; x_wconf 84' lang='lat' dir='ltr'><strong>rotundationis</strong></span> <span class='ocrx_word' id='word_1_75' title='bbox 691 1666 727 1729; x_wconf 93' lang='lat' dir='ltr'><strong>in</strong></span> <span class='ocrx_word' id='word_1_76' title='bbox 753 1683 887 1750; x_wconf 88' lang='lat' dir='ltr'><strong>corpore</strong></span> <span class='ocrx_word' id='word_1_77' title='bbox 915 1665 1072 1748; x_wconf 87' lang='lat' dir='ltr'><strong>efficitur,</strong></span> <span class='ocrx_word' id='word_1_78' title='bbox 1102 1666 1180 1730; x_wconf 91' lang='lat' dir='ltr'><strong>item</strong></span> <span class='ocrx_word' id='word_1_79' title='bbox 1203 1666 1365 1753; x_wconf 88' lang='lat' dir='ltr'><strong>quadrata</strong></span> <span class='ocrx_word' id='word_1_80' title='bbox 1386 1666 1433 1730; x_wconf 85' lang='lat' dir='ltr'><strong>de-</strong></span> 
     </span>
     <span class='ocr_line' id='line_1_12' title="bbox 270 1780 1433 1870; baseline -0.003 -20"><span class='ocrx_word' id='word_1_81' title='bbox 270 1786 411 1870; x_wconf 84' lang='lat' dir='ltr'><strong>signatio</strong></span> <span class='ocrx_word' id='word_1_82' title='bbox 440 1783 475 1847; x_wconf 93' lang='lat' dir='ltr'><strong>in</strong></span> <span class='ocrx_word' id='word_1_83' title='bbox 500 1805 539 1849; x_wconf 92' lang='lat' dir='ltr'><strong>eo</strong></span> <span class='ocrx_word' id='word_1_84' title='bbox 566 1784 764 1848; x_wconf 91' lang='lat' dir='ltr'><strong>invenietur.</strong></span> <span class='ocrx_word' id='word_1_85' title='bbox 809 1781 894 1846; x_wconf 88' lang='lat' dir='ltr'><strong>Nam</strong></span> <span class='ocrx_word' id='word_1_86' title='bbox 925 1783 953 1846; x_wconf 93' lang='lat' dir='ltr'><strong>si</strong></span> <span class='ocrx_word' id='word_1_87' title='bbox 980 1803 1000 1846; x_wconf 88' lang='lat' dir='ltr'><strong>a</strong></span> <span class='ocrx_word' id='word_1_88' title='bbox 1030 1780 1169 1869; x_wconf 90' lang='lat' dir='ltr'><strong>pedibus</strong></span> <span class='ocrx_word' id='word_1_89' title='bbox 1195 1783 1271 1848; x_wconf 88' lang='lat' dir='ltr'><strong>imis</strong></span> <span class='ocrx_word' id='word_1_90' title='bbox 1293 1781 1337 1848; x_wconf 91' lang='lat' dir='ltr'><strong>ad</strong></span> <span class='ocrx_word' id='word_1_91' title='bbox 1355 1805 1433 1848; x_wconf 89' lang='lat' dir='ltr'><strong>sum-</strong></span> 
     </span>
     <span class='ocr_line' id='line_1_13' title="bbox 269 1897 1433 1989; baseline -0.004 -22"><span class='ocrx_word' id='word_1_92' title='bbox 269 1926 357 1967; x_wconf 91' lang='lat' dir='ltr'><strong>mum</strong></span> <span class='ocrx_word' id='word_1_93' title='bbox 393 1910 490 1989; x_wconf 89' lang='lat' dir='ltr'><strong>caput</strong></span> <span class='ocrx_word' id='word_1_94' title='bbox 523 1921 672 1965; x_wconf 89' lang='lat' dir='ltr'><strong>mensum</strong></span> <span class='ocrx_word' id='word_1_95' title='bbox 703 1903 765 1965; x_wconf 90' lang='lat' dir='ltr'><strong>erit</strong></span> <span class='ocrx_word' id='word_1_96' title='bbox 772 1920 920 1987; x_wconf 91' lang='lat' dir='ltr'><strong>,eaque</strong></span> <span class='ocrx_word' id='word_1_97' title='bbox 954 1922 1109 1965; x_wconf 88' lang='lat' dir='ltr'><strong>mensura</strong></span> <span class='ocrx_word' id='word_1_98' title='bbox 1139 1900 1222 1966; x_wconf 90' lang='lat' dir='ltr'><strong>relat</strong></span> <span class='ocrx_word' id='word_1_99' title='bbox 1209 1909 1244 1965; x_wconf 90' lang='lat' dir='ltr'><strong>ta</strong></span> <span class='ocrx_word' id='word_1_100' title='bbox 1269 1901 1368 1967; x_wconf 90' lang='lat' dir='ltr'><strong>fuerit</strong></span> <span class='ocrx_word' id='word_1_101' title='bbox 1396 1897 1433 1963; x_wconf 90' lang='lat' dir='ltr'><strong>ad</strong></span> 
     </span>
     <span class='ocr_line' id='line_1_14' title="bbox 270 2018 1432 2107; baseline -0.002 -23"><span class='ocrx_word' id='word_1_102' title='bbox 270 2041 384 2084; x_wconf 90' lang='lat' dir='ltr'><strong>manus</strong></span> <span class='ocrx_word' id='word_1_103' title='bbox 406 2040 544 2107; x_wconf 90' lang='lat' dir='ltr'><strong>pansas,</strong></span> <span class='ocrx_word' id='word_1_104' title='bbox 572 2019 760 2085; x_wconf 88' lang='lat' dir='ltr'><strong>invenietur</strong></span> <span class='ocrx_word' id='word_1_105' title='bbox 784 2018 899 2083; x_wconf 90' lang='lat' dir='ltr'><strong>eadem</strong></span> <span class='ocrx_word' id='word_1_106' title='bbox 920 2018 1119 2084; x_wconf 87' lang='lat' dir='ltr'><strong>latitudot</strong></span> <span class='ocrx_word' id='word_1_107' title='bbox 1083 2026 1119 2083; x_wconf 89' lang='lat' dir='ltr'><strong>ut</strong></span> <span class='ocrx_word' id='word_1_108' title='bbox 1120 2043 1132 2082; x_wconf 91' lang='lat'>1</span> <span class='ocrx_word' id='word_1_109' title='bbox 1122 2019 1197 2084; x_wconf 92' lang='lat' dir='ltr'><strong>alt</strong></span> <span class='ocrx_word' id='word_1_110' title='bbox 1184 2020 1306 2104; x_wconf 92' lang='lat' dir='ltr'><strong>titudo,</strong></span> <span class='ocrx_word' id='word_1_111' title='bbox 1332 2040 1432 2107; x_wconf 91' lang='lat' dir='ltr'><strong>quem·</strong></span> 
     </span>
     <span class='ocr_line' id='line_1_15' title="bbox 271 2137 1234 2226; baseline 0.001 -24"><span class='ocrx_word' id='word_1_112' title='bbox 271 2137 446 2204; x_wconf 87' lang='lat' dir='ltr'><strong>admodum</strong></span> <span class='ocrx_word' id='word_1_113' title='bbox 469 2159 580 2221; x_wconf 88' lang='lat' dir='ltr'><strong>areae,</strong></span> <span class='ocrx_word' id='word_1_114' title='bbox 603 2159 687 2225; x_wconf 90' lang='lat' dir='ltr'><strong>quae</strong></span> <span class='ocrx_word' id='word_1_115' title='bbox 709 2137 752 2202; x_wconf 91' lang='lat' dir='ltr'><strong>ad</strong></span> <span class='ocrx_word' id='word_1_116' title='bbox 773 2160 921 2204; x_wconf 89' lang='lat' dir='ltr'><strong>normam</strong></span> <span class='ocrx_word' id='word_1_117' title='bbox 944 2146 1020 2203; x_wconf 90' lang='lat' dir='ltr'><strong>sunt</strong></span> <span class='ocrx_word' id='word_1_118' title='bbox 1043 2139 1234 2226; x_wconf 82' lang='lat' dir='ltr'><strong>quadratae</strong></span> 
     </span>
    </p>

    <p class='ocr_par' dir='ltr' id='par_1_6' title="bbox 228 2255 1488 2823">
     <span class='ocr_line' id='line_1_16' title="bbox 228 2255 1431 2346; baseline 0.001 -26"><span class='ocrx_word' id='word_1_119' title='bbox 228 2292 253 2333; x_wconf 72' lang='lat'><strong>15</strong></span> <span class='ocrx_word' id='word_1_120' title='bbox 354 2255 499 2343; x_wconf 83' lang='lat'>4..(10)</span> <span class='ocrx_word' id='word_1_121' title='bbox 527 2255 617 2342; x_wconf 85' lang='lat' dir='ltr'><strong>Ergo</strong></span> <span class='ocrx_word' id='word_1_122' title='bbox 651 2258 680 2321; x_wconf 91' lang='lat' dir='ltr'><strong>si</strong></span> <span class='ocrx_word' id='word_1_123' title='bbox 710 2258 758 2320; x_wconf 88' lang='lat' dir='ltr'><strong>ita</strong></span> <span class='ocrx_word' id='word_1_124' title='bbox 787 2265 905 2324; x_wconf 88' lang='lat' dir='ltr'><strong>natura</strong></span> <span class='ocrx_word' id='word_1_125' title='bbox 934 2260 1116 2346; x_wconf 91' lang='lat' dir='ltr'><strong>composuit</strong></span> <span class='ocrx_word' id='word_1_126' title='bbox 1145 2280 1263 2346; x_wconf 87' lang='lat' dir='ltr'><strong>corpus</strong></span> <span class='ocrx_word' id='word_1_127' title='bbox 1289 2258 1431 2337; x_wconf 85' lang='lat' dir='ltr'><strong>hominis,</strong></span> 
     </span>
     <span class='ocr_line' id='line_1_17' title="bbox 270 2375 1431 2464; baseline -0.003 -23"><span class='ocrx_word' id='word_1_128' title='bbox 270 2377 319 2442; x_wconf 92' lang='lat' dir='ltr'><strong>uti</strong></span> <span class='ocrx_word' id='word_1_129' title='bbox 353 2375 619 2464; x_wconf 88' lang='lat' dir='ltr'><strong>proportionibus</strong></span> <span class='ocrx_word' id='word_1_130' title='bbox 655 2375 802 2441; x_wconf 90' lang='lat' dir='ltr'><strong>membra</strong></span> <span class='ocrx_word' id='word_1_131' title='bbox 834 2377 878 2441; x_wconf 91' lang='lat' dir='ltr'><strong>ad</strong></span> <span class='ocrx_word' id='word_1_132' title='bbox 911 2399 1071 2444; x_wconf 90' lang='lat' dir='ltr'><strong>summam</strong></span> <span class='ocrx_word' id='word_1_133' title='bbox 1106 2378 1337 2464; x_wconf 87' lang='lat' dir='ltr'><strong>figurationem</strong></span> <span class='ocrx_word' id='word_1_134' title='bbox 1370 2376 1431 2442; x_wconf 87' lang='lat' dir='ltr'><strong>eius</strong></span> 
     </span>
     <span class='ocr_line' id='line_1_18' title="bbox 269 2494 1433 2584; baseline -0.004 -23"><span class='ocrx_word' id='word_1_135' title='bbox 269 2494 506 2583; x_wconf 83' lang='lat' dir='ltr'><strong>respondeant,</strong></span> <span class='ocrx_word' id='word_1_136' title='bbox 544 2515 617 2559; x_wconf 89' lang='lat' dir='ltr'><strong>cum</strong></span> <span class='ocrx_word' id='word_1_137' title='bbox 655 2514 755 2558; x_wconf 90' lang='lat' dir='ltr'><strong>causa</strong></span> <span class='ocrx_word' id='word_1_138' title='bbox 792 2495 1001 2561; x_wconf 88' lang='lat' dir='ltr'><strong>constituisse</strong></span> <span class='ocrx_word' id='word_1_139' title='bbox 1035 2497 1189 2562; x_wconf 86' lang='lat' dir='ltr'><strong>videntur</strong></span> <span class='ocrx_word' id='word_1_140' title='bbox 1224 2495 1369 2584; x_wconf 83' lang='lat' dir='ltr'><strong>antiqui,</strong></span> <span class='ocrx_word' id='word_1_141' title='bbox 1401 2499 1433 2556; x_wconf 91' lang='lat' dir='ltr'><strong>ut</strong></span> 
     </span>
     <span class='ocr_line' id='line_1_19' title="bbox 271 2609 1488 2722; baseline -0.006 -42"><span class='ocrx_word' id='word_1_142' title='bbox 271 2617 370 2680; x_wconf 91' lang='lat' dir='ltr'><strong>etiam</strong></span> <span class='ocrx_word' id='word_1_143' title='bbox 403 2616 438 2680; x_wconf 90' lang='lat' dir='ltr'><strong>in</strong></span> <span class='ocrx_word' id='word_1_144' title='bbox 470 2637 604 2702; x_wconf 90' lang='lat' dir='ltr'><strong>operum</strong></span> <span class='ocrx_word' id='word_1_145' title='bbox 631 2614 890 2703; x_wconf 83' lang='lat' dir='ltr'><strong>perfectionibus</strong></span> <span class='ocrx_word' id='word_1_146' title='bbox 919 2614 1123 2700; x_wconf 89' lang='lat' dir='ltr'><strong>singulorum</strong></span> <span class='ocrx_word' id='word_1_147' title='bbox 1150 2614 1371 2681; x_wconf 89' lang='lat' dir='ltr'><strong>membrorum</strong></span> <span class='ocrx_word' id='word_1_148' title='bbox 1395 2609 1433 2674; x_wconf 91' lang='lat' dir='ltr'><strong>ad</strong></span> <span class='ocrx_word' id='word_1_149' title='bbox 1487 2667 1488 2722; x_wconf 78' lang='lat'><strong>,</strong></span> 
     </span>
     <span class='ocr_line' id='line_1_20' title="bbox 271 2732 1430 2823; baseline -0.005 -25"><span class='ocrx_word' id='word_1_150' title='bbox 271 2736 459 2800; x_wconf 88' lang='lat' dir='ltr'><strong>universam</strong></span> <span class='ocrx_word' id='word_1_151' title='bbox 487 2733 612 2820; x_wconf 87' lang='lat' dir='ltr'><strong>figurae</strong></span> <span class='ocrx_word' id='word_1_152' title='bbox 646 2735 788 2823; x_wconf 88' lang='lat' dir='ltr'><strong>speciem</strong></span> <span class='ocrx_word' id='word_1_153' title='bbox 821 2733 965 2800; x_wconf 89' lang='lat' dir='ltr'><strong>habeant</strong></span> <span class='ocrx_word' id='word_1_154' title='bbox 986 2755 1190 2800; x_wconf 86' lang='lat' dir='ltr'><strong>commensus</strong></span> <span class='ocrx_word' id='word_1_155' title='bbox 1225 2732 1430 2798; x_wconf 84' lang='lat' dir='ltr'><strong>exactionem.</strong></span> 
     </span>
    </p>

    <p class='ocr_par' dir='ltr' id='par_1_7' title="bbox 228 2852 1434 3178">
     <span class='ocr_line' id='line_1_21' title="bbox 228 2852 1434 2940; baseline -0.009 -18"><span class='ocrx_word' id='word_1_156' title='bbox 228 2881 254 2922; x_wconf 83' lang='lat' dir='ltr'><strong>ao</strong></span> <span class='ocrx_word' id='word_1_157' title='bbox 271 2853 378 2939; x_wconf 87' lang='lat' dir='ltr'><strong>Igitur</strong></span> <span class='ocrx_word' id='word_1_158' title='bbox 399 2873 473 2916; x_wconf 90' lang='lat' dir='ltr'><strong>cum</strong></span> <span class='ocrx_word' id='word_1_159' title='bbox 496 2854 531 2915; x_wconf 90' lang='lat' dir='ltr'><strong>in</strong></span> <span class='ocrx_word' id='word_1_160' title='bbox 554 2852 704 2918; x_wconf 89' lang='lat' dir='ltr'><strong>omnibus</strong></span> <span class='ocrx_word' id='word_1_161' title='bbox 729 2853 883 2940; x_wconf 89' lang='lat' dir='ltr'><strong>operibus</strong></span> <span class='ocrx_word' id='word_1_162' title='bbox 910 2853 1043 2919; x_wconf 88' lang='lat' dir='ltr'><strong>ordines</strong></span> <span class='ocrx_word' id='word_1_163' title='bbox 1069 2852 1253 2934; x_wconf 86' lang='lat' dir='ltr'><strong>traderent,</strong></span> <span class='ocrx_word' id='word_1_164' title='bbox 1284 2861 1353 2916; x_wconf 91' lang='lat' dir='ltr'><strong>tum</strong></span> <span class='ocrx_word' id='word_1_165' title='bbox 1374 2867 1434 2914; x_wconf 92' lang='lat' dir='ltr'><strong>ma-</strong></span> 
     </span>
     <span class='ocr_line' id='line_1_22' title="bbox 271 2967 1433 3059; baseline -0.006 -23"><span class='ocrx_word' id='word_1_166' title='bbox 271 2974 360 3037; x_wconf 88' lang='lat' dir='ltr'><strong>xime</strong></span> <span class='ocrx_word' id='word_1_167' title='bbox 381 2972 416 3036; x_wconf 93' lang='lat' dir='ltr'><strong>in</strong></span> <span class='ocrx_word' id='word_1_168' title='bbox 435 2970 571 3037; x_wconf 89' lang='lat' dir='ltr'><strong>aedibus</strong></span> <span class='ocrx_word' id='word_1_169' title='bbox 595 2971 744 3054; x_wconf 90' lang='lat' dir='ltr'><strong>deorum,</strong></span> <span class='ocrx_word' id='word_1_170' title='bbox 770 2994 906 3058; x_wconf 90' lang='lat' dir='ltr'><strong>quorum</strong></span> <span class='ocrx_word' id='word_1_171' title='bbox 928 2967 1064 3059; x_wconf 85' lang='lat' dir='ltr'><strong>operum</strong></span> <span class='ocrx_word' id='word_1_172' title='bbox 1085 2979 1118 3036; x_wconf 88' lang='lat' dir='ltr'><strong>et</strong></span> <span class='ocrx_word' id='word_1_173' title='bbox 1141 2969 1256 3035; x_wconf 87' lang='lat' dir='ltr'><strong>laudes</strong></span> <span class='ocrx_word' id='word_1_174' title='bbox 1277 2978 1310 3035; x_wconf 90' lang='lat' dir='ltr'><strong>et</strong></span> <span class='ocrx_word' id='word_1_175' title='bbox 1327 2968 1433 3055; x_wconf 86' lang='lat' dir='ltr'><strong>culpae</strong></span> 
     </span>
     <span class='ocr_line' id='line_1_23' title="bbox 272 3090 775 3178; baseline 0 -24"><span class='ocrx_word' id='word_1_176' title='bbox 272 3098 423 3155; x_wconf 88' lang='lat' dir='ltr'><strong>aeternae</strong></span> <span class='ocrx_word' id='word_1_177' title='bbox 446 3090 551 3156; x_wconf 90' lang='lat' dir='ltr'><strong>solent</strong></span> <span class='ocrx_word' id='word_1_178' title='bbox 571 3111 775 3178; x_wconf 88' lang='lat' dir='ltr'><strong>permanere.</strong></span> 
     </span>
    </p>

    <p class='ocr_par' dir='ltr' id='par_1_8' title="bbox 357 3205 1432 3298">
     <span class='ocr_line' id='line_1_24' title="bbox 357 3205 1432 3298; baseline -0.004 -25"><span class='ocrx_word' id='word_1_179' title='bbox 357 3213 386 3273; x_wconf 88' lang='lat'><strong>5.</strong></span> <span class='ocrx_word' id='word_1_180' title='bbox 412 3211 493 3298; x_wconf 80' lang='lat'>(11.)</span> <span class='ocrx_word' id='word_1_181' title='bbox 517 3209 586 3274; x_wconf 87' lang='lat' dir='ltr'><strong>Nec</strong></span> <span class='ocrx_word' id='word_1_182' title='bbox 607 3210 714 3275; x_wconf 90' lang='lat' dir='ltr'><strong>minus</strong></span> <span class='ocrx_word' id='word_1_183' title='bbox 737 3229 966 3274; x_wconf 88' lang='lat' dir='ltr'><strong>mensurarum</strong></span> <span class='ocrx_word' id='word_1_184' title='bbox 985 3211 1147 3291; x_wconf 88' lang='lat' dir='ltr'><strong>rationes,</strong></span> <span class='ocrx_word' id='word_1_185' title='bbox 1172 3207 1257 3296; x_wconf 75' lang='lat' dir='ltr'><strong>quae</strong></span> <span class='ocrx_word' id='word_1_186' title='bbox 1285 3209 1320 3271; x_wconf 90' lang='lat' dir='ltr'><strong>in</strong></span> <span class='ocrx_word' id='word_1_187' title='bbox 1341 3205 1432 3272; x_wconf 91' lang='lat' dir='ltr'><strong>omni-</strong></span> 
     </span>
    </p>

    <p class='ocr_par' dir='ltr' id='par_1_9' title="bbox 227 3325 1433 3417">
     <span class='ocr_line' id='line_1_25' title="bbox 227 3325 1433 3417; baseline -0.007 -23"><span class='ocrx_word' id='word_1_188' title='bbox 227 3379 229 3388; x_wconf 73' lang='grc'><em>,</em></span> <span class='ocrx_word' id='word_1_189' title='bbox 269 3329 333 3394; x_wconf 90' lang='lat' dir='ltr'><strong>bus</strong></span> <span class='ocrx_word' id='word_1_190' title='bbox 355 3330 508 3417; x_wconf 91' lang='lat' dir='ltr'><strong>operibus</strong></span> <span class='ocrx_word' id='word_1_191' title='bbox 529 3330 684 3396; x_wconf 89' lang='lat' dir='ltr'><strong>videntur</strong></span> <span class='ocrx_word' id='word_1_192' title='bbox 703 3332 910 3394; x_wconf 85' lang='lat' dir='ltr'><strong>necessariae</strong></span> <span class='ocrx_word' id='word_1_193' title='bbox 932 3349 1020 3411; x_wconf 87' lang='lat' dir='ltr'><strong>esse,</strong></span> <span class='ocrx_word' id='word_1_194' title='bbox 1054 3347 1097 3391; x_wconf 87' lang='lat' dir='ltr'><strong>ex</strong></span> <span class='ocrx_word' id='word_1_195' title='bbox 1119 3325 1264 3412; x_wconf 85' lang='lat' dir='ltr'><strong>corporis</strong></span> <span class='ocrx_word' id='word_1_196' title='bbox 1285 3325 1433 3390; x_wconf 86' lang='lat' dir='ltr'><strong>membris</strong></span> 
     </span>
    </p>

    <p class='ocr_par' dir='ltr' id='par_1_10' title="bbox 227 3442 1433 4009">
     <span class='ocr_line' id='line_1_26' title="bbox 227 3442 1432 3536; baseline -0.006 -25"><span class='ocrx_word' id='word_1_197' title='bbox 227 3458 262 3530; x_wconf 78' lang='lat' dir='ltr'><strong>rs]</strong></span> <span class='ocrx_word' id='word_1_198' title='bbox 270 3449 487 3536; x_wconf 87' lang='lat' dir='ltr'><strong>collegerunt,</strong></span> <span class='ocrx_word' id='word_1_199' title='bbox 517 3451 567 3514; x_wconf 88' lang='lat' dir='ltr'><strong>uti</strong></span> <span class='ocrx_word' id='word_1_200' title='bbox 594 3449 749 3534; x_wconf 90' lang='lat' dir='ltr'><strong>digitum,</strong></span> <span class='ocrx_word' id='word_1_201' title='bbox 778 3447 941 3536; x_wconf 92' lang='lat' dir='ltr'><strong>palmum,</strong></span> <span class='ocrx_word' id='word_1_202' title='bbox 974 3445 1108 3533; x_wconf 87' lang='lat' dir='ltr'><strong>pedem,</strong></span> <span class='ocrx_word' id='word_1_203' title='bbox 1138 3442 1300 3530; x_wconf 82' lang='lat' dir='ltr'><strong>cubitum3</strong></span> <span class='ocrx_word' id='word_1_204' title='bbox 1329 3453 1362 3512; x_wconf 92' lang='lat' dir='ltr'><strong>et</strong></span> <span class='ocrx_word' id='word_1_205' title='bbox 1385 3463 1432 3509; x_wconf 89' lang='lat' dir='ltr'><strong>eas</strong></span> 
     </span>
     <span class='ocr_line' id='line_1_27' title="bbox 270 3561 1433 3655; baseline -0.006 -22"><span class='ocrx_word' id='word_1_206' title='bbox 270 3569 510 3634; x_wconf 87' lang='lat' dir='ltr'><strong>distribuerunt</strong></span> <span class='ocrx_word' id='word_1_207' title='bbox 538 3569 572 3631; x_wconf 93' lang='lat' dir='ltr'><strong>in</strong></span> <span class='ocrx_word' id='word_1_208' title='bbox 598 3568 782 3655; x_wconf 87' lang='lat' dir='ltr'><strong>perfectum</strong></span> <span class='ocrx_word' id='word_1_209' title='bbox 810 3587 998 3648; x_wconf 90' lang='lat' dir='ltr'><strong>numerum,</strong></span> <span class='ocrx_word' id='word_1_210' title='bbox 1032 3585 1128 3651; x_wconf 91' lang='lat' dir='ltr'><strong>quem</strong></span> <span class='ocrx_word' id='word_1_211' title='bbox 1160 3563 1281 3628; x_wconf 82' lang='lat' dir='ltr'><strong>Graeci</strong></span> <span class='ocrx_word' id='word_1_212' title='bbox 1314 3561 1433 3628; x_wconf 77' lang='grc' dir='ltr'><strong><em>τέλειον</em></strong></span> 
     </span>
     <span class='ocr_line' id='line_1_28' title="bbox 271 3679 1433 3775; baseline -0.005 -25"><span class='ocrx_word' id='word_1_213' title='bbox 271 3686 394 3751; x_wconf 86' lang='lat' dir='ltr'><strong>dicunt.</strong></span> <span class='ocrx_word' id='word_1_214' title='bbox 439 3685 626 3752; x_wconf 87' lang='lat' dir='ltr'><strong>Perfectum</strong></span> <span class='ocrx_word' id='word_1_215' title='bbox 652 3695 761 3752; x_wconf 90' lang='lat' dir='ltr'><strong>autem</strong></span> <span class='ocrx_word' id='word_1_216' title='bbox 782 3686 910 3775; x_wconf 90' lang='lat' dir='ltr'><strong>antiqui</strong></span> <span class='ocrx_word' id='word_1_217' title='bbox 932 3684 1146 3748; x_wconf 88' lang='lat' dir='ltr'><strong>instituerunt</strong></span> <span class='ocrx_word' id='word_1_218' title='bbox 1172 3703 1358 3766; x_wconf 87' lang='lat' dir='ltr'><strong>numerum,</strong></span> <span class='ocrx_word' id='word_1_219' title='bbox 1386 3679 1433 3768; x_wconf 90' lang='lat' dir='ltr'><strong>qui</strong></span> 
     </span>
     <span class='ocr_line' id='line_1_29' title="bbox 271 3797 1433 3891; baseline -0.005 -23"><span class='ocrx_word' id='word_1_220' title='bbox 271 3803 383 3868; x_wconf 83' lang='lat' dir='ltr'><strong>decem</strong></span> <span class='ocrx_word' id='word_1_221' title='bbox 405 3803 541 3886; x_wconf 82' lang='lat' dir='ltr'><strong>dicitur3</strong></span> <span class='ocrx_word' id='word_1_222' title='bbox 573 3825 714 3891; x_wconf 91' lang='lat' dir='ltr'><strong>namque</strong></span> <span class='ocrx_word' id='word_1_223' title='bbox 743 3827 786 3868; x_wconf 83' lang='lat' dir='ltr'><strong>ex</strong></span> <span class='ocrx_word' id='word_1_224' title='bbox 815 3802 968 3867; x_wconf 87' lang='lat' dir='ltr'><strong>manibus</strong></span> <span class='ocrx_word' id='word_1_225' title='bbox 997 3802 1175 3888; x_wconf 89' lang='lat' dir='ltr'><strong>digitorum</strong></span> <span class='ocrx_word' id='word_1_226' title='bbox 1197 3823 1371 3884; x_wconf 89' lang='lat' dir='ltr'><strong>numerus,</strong></span> <span class='ocrx_word' id='word_1_227' title='bbox 1399 3797 1433 3863; x_wconf 87' lang='lat' dir='ltr'><strong>ab</strong></span> 
     </span>
     <span class='ocr_line' id='line_1_30' title="bbox 270 3917 1433 4009; baseline -0.003 -25"><span class='ocrx_word' id='word_1_228' title='bbox 270 3921 378 4009; x_wconf 90' lang='lat' dir='ltr'><strong>palmo</strong></span> <span class='ocrx_word' id='word_1_229' title='bbox 398 3943 455 4007; x_wconf 90' lang='lat' dir='ltr'><strong>pes</strong></span> <span class='ocrx_word' id='word_1_230' title='bbox 479 3929 528 3986; x_wconf 93' lang='lat' dir='ltr'><strong>est</strong></span> <span class='ocrx_word' id='word_1_231' title='bbox 548 3923 719 4006; x_wconf 72' lang='lat' dir='ltr'><strong>inventus,</strong></span> <span class='ocrx_word' id='word_1_232' title='bbox 749 3925 796 3987; x_wconf 92' lang='lat' dir='ltr'><strong>sio</strong></span> <span class='ocrx_word' id='word_1_233' title='bbox 824 3932 934 3987; x_wconf 91' lang='lat' dir='ltr'><strong>autem</strong></span> <span class='ocrx_word' id='word_1_234' title='bbox 956 3944 999 3987; x_wconf 82' lang='lat' dir='ltr'><strong>ex</strong></span> <span class='ocrx_word' id='word_1_235' title='bbox 1020 3921 1192 4008; x_wconf 90' lang='lat' dir='ltr'><strong>utriusque</strong></span> <span class='ocrx_word' id='word_1_236' title='bbox 1214 3917 1344 4007; x_wconf 90' lang='lat' dir='ltr'><strong>palmae</strong></span> <span class='ocrx_word' id='word_1_237' title='bbox 1368 3917 1433 3984; x_wconf 87' lang='lat' dir='ltr'><strong>arti-</strong></span> 
     </span>
    </p>

    <p class='ocr_par' dir='ltr' id='par_1_11' title="bbox 227 4035 1434 4484">
     <span class='ocr_line' id='line_1_31' title="bbox 227 4035 1434 4128; baseline -0.007 -22"><span class='ocrx_word' id='word_1_238' title='bbox 227 4061 253 4106; x_wconf 86' lang='lat' dir='ltr'><strong>ao</strong></span> <span class='ocrx_word' id='word_1_239' title='bbox 271 4041 353 4106; x_wconf 88' lang='lat' dir='ltr'><strong>culis</strong></span> <span class='ocrx_word' id='word_1_240' title='bbox 382 4039 424 4104; x_wconf 92' lang='lat' dir='ltr'><strong>ab</strong></span> <span class='ocrx_word' id='word_1_241' title='bbox 456 4047 575 4104; x_wconf 88' lang='lat' dir='ltr'><strong>natura</strong></span> <span class='ocrx_word' id='word_1_242' title='bbox 602 4041 715 4106; x_wconf 89' lang='lat' dir='ltr'><strong>decem</strong></span> <span class='ocrx_word' id='word_1_243' title='bbox 743 4049 820 4107; x_wconf 88' lang='lat' dir='ltr'><strong>sunt</strong></span> <span class='ocrx_word' id='word_1_244' title='bbox 839 4039 989 4128; x_wconf 86' lang='lat' dir='ltr'><strong>perfecti.</strong></span> <span class='ocrx_word' id='word_1_245' title='bbox 1034 4039 1146 4104; x_wconf 84' lang='lat' dir='ltr'><strong>Etiam</strong></span> <span class='ocrx_word' id='word_1_246' title='bbox 1167 4037 1299 4103; x_wconf 86' lang='lat' dir='ltr'><strong>Platoni</strong></span> <span class='ocrx_word' id='word_1_247' title='bbox 1318 4035 1434 4126; x_wconf 91' lang='lat' dir='ltr'><strong>placuit</strong></span> 
     </span>
     <span class='ocr_line' id='line_1_32' title="bbox 271 4156 1433 4249; baseline -0.005 -25"><span class='ocrx_word' id='word_1_248' title='bbox 271 4181 343 4224; x_wconf 89' lang='lat' dir='ltr'><strong>esse</strong></span> <span class='ocrx_word' id='word_1_249' title='bbox 356 4181 429 4224; x_wconf 88' lang='lat' dir='ltr'><strong>eum</strong></span> <span class='ocrx_word' id='word_1_250' title='bbox 442 4181 613 4224; x_wconf 88' lang='lat' dir='ltr'><strong>numerum</strong></span> <span class='ocrx_word' id='word_1_251' title='bbox 625 4182 664 4224; x_wconf 92' lang='lat' dir='ltr'><strong>ea</strong></span> <span class='ocrx_word' id='word_1_252' title='bbox 675 4183 710 4226; x_wconf 90' lang='lat' dir='ltr'><strong>re</strong></span> <span class='ocrx_word' id='word_1_253' title='bbox 726 4160 919 4249; x_wconf 88' lang='lat' dir='ltr'><strong>perfeetum,</strong></span> <span class='ocrx_word' id='word_1_254' title='bbox 937 4159 1026 4246; x_wconf 91' lang='lat' dir='ltr'><strong>quod</strong></span> <span class='ocrx_word' id='word_1_255' title='bbox 1039 4181 1081 4222; x_wconf 88' lang='lat' dir='ltr'><strong>ex</strong></span> <span class='ocrx_word' id='word_1_256' title='bbox 1094 4156 1320 4246; x_wconf 89' lang='lat' dir='ltr'><strong>singularibus</strong></span> <span class='ocrx_word' id='word_1_257' title='bbox 1332 4157 1433 4235; x_wconf 89' lang='lat' dir='ltr'><strong>rebus,</strong></span> 
     </span>
     <span class='ocr_line' id='line_1_33' title="bbox 270 4269 1434 4365; baseline -0.003 -23"><span class='ocrx_word' id='word_1_258' title='bbox 270 4298 353 4364; x_wconf 90' lang='lat' dir='ltr'><strong>quae</strong></span> <span class='ocrx_word' id='word_1_259' title='bbox 362 4270 512 4359; x_wconf 75' lang='grc' dir='ltr'><em>’μονάδες</em></span> <span class='ocrx_word' id='word_1_260' title='bbox 526 4278 614 4365; x_wconf 88' lang='lat' dir='ltr'><strong>apud</strong></span> <span class='ocrx_word' id='word_1_261' title='bbox 630 4269 774 4345; x_wconf 81' lang='lat' dir='ltr'><strong>Graecos</strong></span> <span class='ocrx_word' id='word_1_262' title='bbox 792 4280 957 4362; x_wconf 90' lang='lat' dir='ltr'><strong>dicuntur,</strong></span> <span class='ocrx_word' id='word_1_263' title='bbox 972 4277 1139 4365; x_wconf 90' lang='lat' dir='ltr'><strong>perficitur</strong></span> <span class='ocrx_word' id='word_1_264' title='bbox 1156 4277 1316 4342; x_wconf 87' lang='lat' dir='ltr'><strong>decussis.</strong></span> <span class='ocrx_word' id='word_1_265' title='bbox 1339 4271 1434 4342; x_wconf 85' lang='lat' dir='ltr'><strong>Simul</strong></span> 
     </span>
     <span class='ocr_line' id='line_1_34' title="bbox 270 4387 1434 4484; baseline -0.002 -26"><span class='ocrx_word' id='word_1_266' title='bbox 270 4403 378 4460; x_wconf 88' lang='lat' dir='ltr'><strong>autem</strong></span> <span class='ocrx_word' id='word_1_267' title='bbox 389 4393 542 4458; x_wconf 88' lang='lat' dir='ltr'><strong>undecim</strong></span> <span class='ocrx_word' id='word_1_268' title='bbox 558 4404 615 4459; x_wconf 92' lang='lat' dir='ltr'><strong>aut</strong></span> <span class='ocrx_word' id='word_1_269' title='bbox 630 4395 802 4462; x_wconf 88' lang='lat' dir='ltr'><strong>duodecim</strong></span> <span class='ocrx_word' id='word_1_270' title='bbox 821 4407 896 4462; x_wconf 88' lang='lat' dir='ltr'><strong>sunt</strong></span> <span class='ocrx_word' id='word_1_271' title='bbox 913 4387 1001 4480; x_wconf 81' lang='lat' dir='ltr'><strong>lacti,</strong></span> <span class='ocrx_word' id='word_1_272' title='bbox 1018 4396 1106 4484; x_wconf 91' lang='lat' dir='ltr'><strong>quod</strong></span> <span class='ocrx_word' id='word_1_273' title='bbox 1123 4396 1361 4482; x_wconf 86' lang='lat' dir='ltr'><strong>superaverint,</strong></span> <span class='ocrx_word' id='word_1_274' title='bbox 1376 4413 1434 4460; x_wconf 87' lang='lat' dir='ltr'><strong>non</strong></span> 
     </span>
    </p>
   </div>
   <div class='ocr_carea' id='block_1_5' title="bbox 0 0 1518 5162">
    <p class='ocr_par' dir='ltr' id='par_1_12' title="bbox 0 0 1518 5162">
     <span class='ocr_line' id='line_1_35' title="bbox 0 0 1518 5162; baseline 0 0"><span class='ocrx_word' id='word_1_275' title='bbox 0 0 1518 5162; x_wconf 95' lang='lat' dir='ltr'><strong> </strong></span> 
     </span>
    </p>
   </div>
  </div>
 </body>
</html>
