3028 5164
167 521 170 526 ,
248 449 309 511 220
589 417 593 426 Ι
745 460 902 506 vrrnuvu

247 615 346 680 fuerit
369 615 552 702 proximum
574 633 705 692 scenae,
737 632 776 674 ea
803 611 954 694 regione,
982 631 1047 695 qua
1069 610 1230 694 praecidit
1260 618 1421 673 curvatu-

246 757 316 799 ram
337 731 574 813 circinationis,
596 729 643 793 ibi
664 727 795 790 finiatur
818 749 935 791 scenae
958 729 1066 804 frons,
1089 737 1121 791 et
1140 727 1182 791 ab
1203 750 1240 792 eo
1263 729 1334 792 loco
1354 751 1421 816 per

247 860 392 917 centrum
420 847 592 937 parallelos
626 846 713 910 linea
746 845 900 929 dueatur,
932 867 1014 932 quae
1048 845 1216 930 disiungat
1247 847 1420 933 proscenii

245 968 404 1054 pulpitum
426 975 458 1031 et
480 965 664 1030 orchestrae
685 964 861 1048 regionem.
908 965 937 1027 2.
967 963 1019 1026 lta
1046 962 1144 1026 latius
1168 965 1290 1028 factum
1313 965 1422 1029 fuerit

216 1085 406 1173 spulpitum
435 1057 532 1170 quam
560 1081 778 1182 Graecorum,
808 1080 895 1168 quod
928 1103 1039 1144 omnes
1072 1081 1213 1146 artifices
1246 1084 1280 1145 in
1313 1105 1419 1148 scena

246 1202 325 1266 dant
346 1183 493 1288 operam3
515 1201 550 1262 in
570 1199 735 1263 orchestra
757 1208 866 1263 autem
890 1208 1076 1264 senatorum
1096 1209 1171 1263 sunt
1186 1200 1319 1264 sedibus
1339 1201 1419 1266 loca

247 1311 434 1404 designata3
456 1321 576 1382 eteius
599 1316 718 1402 pulpiti
742 1316 879 1380 altitudo
903 1319 946 1380 sit
967 1339 1009 1380 ne
1023 1317 1097 1402 plus
1115 1317 1236 1404 pedum
1255 1320 1416 1404 quinque,

245 1443 293 1504 uti
316 1441 373 1525 qui
395 1441 429 1501 in
448 1437 614 1501 orchestra
637 1429 796 1516 sederint,
825 1444 972 1520 spectare
995 1437 1122 1520 possint
1149 1438 1290 1499 omnium
1313 1459 1416 1522 agen-

246 1559 327 1621 tium
352 1566 475 1643 gestus.

206 1814 230 1854 ιο
333 1789 414 1878 (46.)
439 1789 544 1854 Ounei
567 1787 828 1875 spectaculorum
850 1787 886 1850 in
907 1787 1033 1852 theatro
1056 1789 1103 1851 ita
1123 1788 1333 1872 dividantur,
1363 1793 1416 1854 uti

245 1907 357 1990 anguli
378 1909 596 1992 trigonorum,
617 1906 672 1992 qui
693 1913 827 1968 currunt
850 1907 973 1969 circum
996 1913 1206 1970 curvaturam
1228 1908 1416 1971 circinatio-

244 2026 310 2107 niS,
350 2024 493 2108 dirigant
528 2046 682 2088 aseensus
720 2022 890 2108 scalasque
924 2025 1011 2088 inter
1044 2045 1164 2089 cuneos
1196 2024 1239 2088 ad
1272 2025 1415 2109 primam

242 2142 534 2227 praecinctionem3
569 2163 667 2226 supra
701 2150 809 2206 autem
844 2142 980 2206 alternis
1016 2141 1188 2206 itineribus
1227 2144 1413 2228 superiores

245 2262 339 2325 cunei
360 2259 461 2323 medii
482 2259 675 2345 dirigantur.
722 2263 751 2324 3.
784 2260 829 2323 Hi
861 2269 985 2342 autem,
1019 2261 1076 2347 qui
1112 2270 1188 2324 sunt
1217 2261 1253 2322 in
1281 2261 1346 2323 imo
1380 2268 1414 2323 et

206 2397 228 2438 15
246 2380 391 2464 dirigunt
413 2378 566 2461 scalaria,
595 2387 690 2442 erunt
708 2400 843 2443 numero
866 2372 1005 2466 septem}
1038 2379 1155 2465 reliqui
1178 2379 1321 2464 quinque
1345 2398 1413 2440 sce-

246 2519 308 2560 nae
342 2496 562 2582 designabunt
593 2499 876 2584 compositionem3
911 2506 943 2561 et
975 2520 1059 2560 unus
1086 2496 1213 2560 medius
1241 2504 1353 2560 contra
1376 2517 1412 2558 se

245 2616 358 2679 valvas
386 2617 494 2700 regias
517 2614 639 2686 habere
664 2614 775 2698 debet3
808 2623 839 2678 et
868 2617 924 2701 qui
954 2623 1048 2678 erunt
1072 2613 1188 2677 dextra
1215 2635 1253 2676 ac
1279 2613 1412 2675 sinistra

244 2732 453 2818 hospitalium
477 2732 697 2816 designabunt
718 2733 1001 2819 compositionem3
1036 2733 1173 2796 extremi
1201 2731 1264 2795 duo
1287 2739 1412 2816 specta·

245 2849 329 2913 bunt
357 2850 475 2912 itinera
507 2871 726 2914 versurarum.
778 2850 859 2938 (47.)
889 2850 1019 2914 Gradus
1050 2849 1321 2937 spectaculorum,
1342 2832 1413 2912 ubi

203 2989 229 3030 ao
247 2965 405 3030 subsellia
419 2977 668 3052 componantur,
689 2990 729 3032 ne
744 2970 851 3032 minus
870 2969 929 3032 alti
950 2970 1016 3032 sint
1030 2967 1153 3054 palmo,
1176 2990 1216 3030 ne
1234 2967 1309 3054 plus
1328 2967 1410 3052 pede

246 3092 278 3146 et
300 3082 414 3168 digitis
430 3105 506 3167 sex,
528 3083 718 3150 latitudines
740 3108 851 3150 eorum
872 3109 913 3150 ne
931 3087 1004 3174 plus
1022 3086 1124 3172 pedes
1147 3085 1211 3149 duo
1234 3084 1349 3166 semis,
1369 3107 1411 3148 ne

245 3201 352 3264 minus
373 3201 474 3287 pedes
497 3201 561 3266 duo
580 3204 828 3269 constituantur.

330 3442 360 3502 4.
385 3438 466 3523 (48.)
495 3437 630 3503 Tectum
658 3440 822 3524 porticus,
846 3441 934 3527 quod
961 3441 1108 3504 futurum
1139 3448 1189 3503 est
1219 3441 1254 3502 in
1285 3461 1410 3502 summa

246 3555 454 3640 gradatione,
484 3578 558 3619 curn
588 3535 705 3620 scenae
732 3558 904 3624 altitudine
926 3559 1083 3622 libratum
1111 3557 1313 3645 perficiatur,
1335 3556 1408 3620 ideo

202 3696 228 3736 25
246 3672 331 3758 quod
363 3694 431 3736 vox
457 3695 604 3738 crescens
632 3676 813 3760 aequaliter
840 3677 883 3740 ad
910 3698 1053 3740 summas
1080 3675 1288 3772 gradationes
1315 3682 1347 3738 et
1364 3682 1410 3737 te-

246 3798 331 3853 ctum
353 3792 540 3876 perveniet3
563 3814 705 3878 namque
728 3795 756 3856 si
772 3816 837 3858 non
855 3795 916 3858 erit
933 3794 1086 3880 aequale,
1107 3814 1171 3880 quo
1189 3794 1296 3884 minus
1311 3791 1409 3856 fuerit

244 3907 359 3990 altu'm,
384 3929 451 3972 vox
471 3911 688 3997 praeripietur
708 3911 751 3974 ad
776 3933 847 3976 eam
871 3912 1093 3993 altitudinem,
1114 3910 1156 3974 ad
1179 3931 1276 3996 quam
1298 3931 1409 3996 perve-

244 4025 312 4089 niet
332 4025 447 4112 primo.

329 4263 359 4323 5.
383 4260 464 4347 (49.)
487 4259 664 4326 Orchestra
684 4263 770 4326 inter
791 4264 913 4347 gradus
935 4265 1017 4327 imos
1040 4283 1138 4348 quam
1160 4261 1341 4325 diametron
1356 4261 1408 4324 ha-

201 4400 227 4444 30
245 4374 373 4457 buerit,
396 4377 466 4440 eius
489 4386 584 4442 sexta
602 4401 678 4464 pars
700 4389 863 4463 sumatur3
893 4389 925 4444 et
952 4381 987 4444 in
1008 4379 1160 4445 cornibus
1182 4381 1346 4465 utrimque
1367 4382 1408 4446 ad
