3006 5170
263 387 304 448 64
762 397 921 446 vrrauvn

262 540 484 638 perfodientes
506 552 643 615 dilatant
664 552 778 638 spatia,
801 559 959 636 quantum
980 558 1098 614 natura
1116 549 1181 612 loci
1199 552 1337 636 patitur.
1387 549 1440 612 In-

264 679 490 755 superantem
517 671 643 756 stipites
665 670 747 733 inter
769 692 803 733 se
824 668 1004 752 religantes
1029 677 1134 731 metas
1156 668 1326 750 efficiunt,
1355 691 1438 754 quas

263 787 502 851 harundinibus
528 796 560 851 et
582 790 752 851 sarmentis
771 795 920 872 tegentes
946 796 1151 871 exaggerant
1180 809 1281 874 supra
1305 785 1438 850 habita·

262 906 368 968 tiones
391 928 408 968 e
430 914 518 969 terra
539 907 697 970 maximos
720 928 862 990 grumos.
907 904 960 967 lta
981 903 1105 968 hiemes
1127 905 1364 988 calidissimae,
1390 928 1438 968 ae-

233 1033 365 1102 sstates
388 1023 620 1108 frigidissimas
647 1024 794 1088 efficiunt
822 1030 980 1087 tectorum
1009 1022 1163 1088 rationes.
1208 1023 1377 1088 Nonnulli
1400 1046 1438 1086 ex

262 1143 341 1208 ulva
361 1142 496 1230 palustri
516 1150 709 1227 componunt
728 1143 861 1226 tuguria
882 1148 980 1205 tecta.
1025 1140 1126 1227 Apud
1149 1151 1276 1206 ceteras
1303 1139 1437 1229 quoque

262 1271 375 1345 gentes
399 1268 431 1323 et
451 1257 608 1325 nonnulla
629 1258 699 1322 loca
721 1261 793 1345 pari
816 1257 979 1345 similique
1006 1261 1134 1323 ratione
1164 1281 1317 1333 casarum
1340 1261 1437 1347 perfi-

263 1379 393 1442 ciuntur
422 1379 676 1442 constitutiones.
727 1377 801 1440 Non
826 1377 933 1439 minus
962 1379 1060 1440 etiam
1086 1377 1255 1443 Massiliae
1286 1381 1436 1443 animad-

263 1505 390 1560 vertere
412 1518 583 1582 possumus
606 1497 675 1559 sine
694 1495 824 1580 tegulis,
845 1494 981 1559 subacta
998 1517 1071 1558 oum
1090 1497 1194 1582 paleis
1211 1507 1311 1581 terra,
1334 1509 1435 1562 tecta.

220 1639 245 1679 ro
261 1614 402 1678 Athenis
423 1615 587 1700 Areopagi
614 1614 818 1698 antiquitatis
849 1611 1016 1698 exemplar
1043 1613 1085 1677 ad
1114 1614 1175 1679 hoc
1203 1624 1335 1702 tempus
1367 1617 1434 1679 luto

261 1741 393 1796 tectum.
438 1732 521 1795 Item
540 1735 574 1795 in
592 1731 751 1817 Capitolio
774 1731 1054 1795 commonefacere
1072 1741 1228 1819 potestat
1244 1735 1436 1824 significare

261 1871 368 1912 mores
390 1850 562 1914 vetustatis
587 1848 714 1912 Romuli
735 1869 821 1929 casa,
841 1856 875 1912 et
896 1851 932 1913 in
949 1871 1030 1913 arce
1050 1872 1217 1915 sacrorum
1241 1855 1434 1916 stramentis

261 1977 358 2032 tecta.
404 1971 434 2030 6.
457 1967 509 2029 lta
530 1967 580 2030 his
599 1967 700 2050 signis
722 1967 761 2030 de
780 1968 925 2052 antiquis
943 1969 1189 2034 inventionibus
1206 1970 1434 2054 aedificiorum

263 2087 372 2150 sicfea
394 2085 496 2149 fuisse
519 2087 748 2149 ratiocinantes
769 2107 942 2171 possumus
963 2085 1119 2150 iudicare.

219 2357 245 2398 15
348 2323 408 2410 (9.)
433 2319 516 2386 Cum
538 2332 645 2388 autem
667 2323 813 2408 quotidie
835 2321 988 2386 faciendo
1010 2322 1153 2387 tritiores
1176 2344 1292 2388 manus
1314 2323 1357 2388 ad
1382 2345 1431 2387 ae-

261 2442 461 2506 dificandum
490 2442 723 2529 perfecissent,
758 2450 790 2505 et
820 2439 964 2504 sollertia
993 2440 1127 2523 ingenia
1157 2441 1344 2506 exercendo
1375 2465 1431 2529 per

262 2559 529 2624 consuetudinem
551 2559 591 2623 ad
613 2569 698 2623 artes
721 2559 965 2646 pervenissent3
997 2566 1066 2622 tum
1092 2559 1189 2624 etiam
1212 2559 1428 2624 industriam

261 2679 380 2742 animis
405 2700 515 2741 eorum
534 2677 660 2742 adiecta
683 2678 837 2765 perfecit,
856 2684 900 2763 ‘ut
930 2677 987 2762 qui
1016 2676 1149 2741 fuerunt
1173 2679 1209 2741 in
1234 2677 1286 2742 his
1307 2680 1429 2744 studio-

262 2797 374 2878 sioreS,
398 2797 512 2876 fabros
531 2818 600 2860 esse
624 2819 658 2861 se
679 2796 917 2884 profiterentur.
965 2793 1047 2860 Cum
1080 2817 1158 2881 ergo
1180 2796 1261 2860 haec
1291 2798 1341 2860 ita
1364 2797 1429 2860 fuc-

217 2938 243 2977 20
260 2914 327 2977 rint
348 2916 452 3000 primo
474 2917 657 2995 constituta,
681 2923 714 2980 et
730 2924 848 2982 natura
862 2938 928 2980 non
947 2917 1051 2982 solum
1072 2916 1222 2981 sensibus
1243 2920 1429 2984 ornavisset

260 3041 374 3117 gentes
396 3035 667 3120 quemadmodum
686 3036 814 3122 reliqua
836 3035 1002 3118 animalia,
1025 3035 1083 3100 sed
1104 3039 1203 3100 etiam
1223 3037 1449 3120 cogitationi-⁸

259 3149 322 3215 bus
345 3160 377 3216 et
398 3153 543 3218 consiliis
574 3153 763 3219 armavisset
784 3162 925 3238 mentes,
953 3165 985 3220 et
1011 3156 1205 3222 subiecisset
1227 3165 1339 3221 cetera
1363 3157 1428 3220 ani-

260 3269 361 3333 malia
383 3271 443 3335 sub
464 3280 639 3358 potestate3
661 3280 740 3336 tunc
755 3295 833 3338 vero
855 3295 899 3337 ex
912 3274 1184 3340 fabricationibus
1204 3275 1426 3340 aedificiorum

261 3388 423 3472 gradatim
450 3391 614 3475 progressi
645 3388 689 3452 ad
721 3398 847 3454 ceteras
881 3401 967 3456 artes
1002 3401 1034 3456 et
1067 3393 1274 3480 disciplina-s,
1310 3416 1328 3458 e
1359 3393 1427 3457 fera

215 3526 242 3568 25
261 3509 448 3594 agrestique
490 3508 559 3570 vita
598 3507 641 3571 ad
675 3517 879 3572 mansuetam
917 3509 1143 3594 perduxerunt
1178 3510 1423 3574 humanitatem.

260 3630 290 3689 7.
315 3625 399 3690 Tum
419 3633 526 3689 autem
546 3627 743 3690 instruentes
764 3629 872 3691 animo
897 3648 930 3690 se
947 3635 980 3690 et
998 3627 1278 3714 exprospicientes
1299 3629 1425 3692 maiori·

258 3742 320 3807 bu‘s
343 3741 595 3828 cogitationibus
625 3766 668 3806 ex
693 3745 853 3808 varietate
881 3744 1000 3808 artium
1029 3747 1131 3828 natis,
1165 3768 1231 3810 non
1252 3767 1347 3810 casas
1369 3745 1424 3808 sed

259 3863 356 3925 etiam
391 3861 501 3926 domos
535 3862 688 3925 fundatas
722 3870 755 3926 et
784 3863 940 3926 latericiis
970 3864 1150 3950 parietibus
1184 3872 1241 3926 aut
1274 3861 1300 3927 e'
1318 3864 1423 3953 lapide

259 3986 399 4042 structas
413 3980 614 4065 materiaque
633 3988 666 4043 et
681 3979 793 4066 tegula
810 3988 915 4044 tectas
930 3981 1084 4067 perficere
1096 3990 1290 4067 coeperunt3
1308 3981 1422 4046 deinde

213 4115 239 4157 so
258 4096 541 4172 observationibus
563 4097 742 4162 studiorum
766 4121 783 4162 e
804 4099 1004 4184 vagantibus
1022 4099 1154 4162 iudiciis
1177 4107 1210 4161 et
1230 4100 1364 4162 incertis
1382 4098 1422 4162 ad

258 4224 363 4277 certas
381 4216 642 4299 symmetriarum
657 4215 881 4300 perduxerunt
895 4217 1050 4280 rationes.
1088 4216 1307 4302 Posteaquam
1325 4219 1423 4280 anim·

257 4328 477 4413 adverterunt,
498 4331 650 4417 profusos
674 4353 745 4396 esse
760 4332 802 4397 ab
820 4343 937 4398 natura
954 4343 1067 4420 partus
1090 4335 1246 4398 materiae
1271 4342 1303 4416 et
1324 4333 1421 4398 abun-
