3028 5164
255 421 317 483 218
412 487 417 494 ,
637 442 639 446 ·
761 397 956 478 vrrsuvu

257 589 337 652 stria
365 587 546 672 generatim
578 586 695 650 divisis
728 583 1006 649 modulationibus
1034 584 1246 658 constitutum
1274 580 1445 666 reliquit3

257 704 297 768 de
327 727 405 791 que,
439 705 467 766 si
492 706 548 789 qui
573 702 877 767 ratiocinationibus
906 703 957 765 his
986 699 1178 781 attenderit,
1208 699 1251 763 ad
1272 706 1442 761 naturam

256 823 347 886 vocis
367 830 400 885 et
422 820 625 884 audientium
645 819 877 883 delectationes
900 817 1031 884 facilius
1060 817 1202 882 valuerit
1223 816 1441 880 theatrorum

256 941 385 1005 efficere
405 939 633 1025 perfectiones.

227 1029 244 1117 s
343 1061 372 1120 7.
397 1056 478 1142 (42.)
501 1055 600 1119 Dicet
621 1054 740 1142 aliquis
760 1054 860 1134 forte,
882 1055 985 1119 multa
1006 1054 1134 1118 theatra
1156 1052 1333 1139 quotannis
1365 1051 1439 1114 Ro-

257 1198 330 1240 mae
360 1175 448 1239 sacta
472 1196 558 1256 esse,
586 1195 692 1260 neque
719 1172 820 1236 ullam
845 1174 1004 1237 rationem
1032 1171 1148 1236 harum
1175 1193 1284 1235 rerum
1313 1171 1351 1233 in
1378 1169 1438 1232 his

258 1294 378 1376 fuisse,
402 1292 461 1356 sed
482 1291 603 1356 errabit
626 1292 661 1355 in
683 1313 737 1373 ee,
763 1291 851 1376 quod
873 1292 982 1354 omnia
1012 1289 1145 1377 publica
1167 1288 1277 1374 lignea
1298 1288 1438 1352 theatra

258 1411 477 1476 tabulationes
490 1410 614 1474 habent
631 1407 829 1494 complures,
851 1430 932 1494 quas
954 1429 1089 1472 necesse
1111 1415 1161 1471 est
1182 1429 1309 1470 sonare.
1357 1406 1437 1470 Hoc

259 1551 337 1594 vero
363 1527 440 1593 licet
467 1528 728 1592 animadvertere
757 1528 856 1589 etiam
876 1527 918 1590 ab
942 1524 1156 1608 citharoedis,
1180 1528 1236 1612 qui
1259 1527 1434 1612 superiore

218 1668 242 1708 ro
261 1656 338 1713 tono
361 1669 433 1710 cum
458 1647 572 1710 volunt
595 1666 727 1725 canere,
751 1651 902 1708 avertunt
922 1667 957 1708 se
977 1643 1019 1706 ad
1041 1665 1157 1707 scenae
1174 1641 1306 1726 valvas,
1327 1651 1361 1707 et
1383 1645 1434 1706 ita

260 1767 422 1852 recipiunt
449 1764 489 1829 ab
513 1787 625 1828 earum
650 1763 773 1827 auxilio
796 1763 1043 1826 consonantiam
1067 1764 1167 1826 vocis.
1214 1761 1297 1826 Cum
1320 1771 1435 1825 autem

262 1905 304 1946 ex
332 1882 444 1947 solidis
471 1883 571 1946 rebus
600 1882 729 1944 theatra
756 1881 1013 1962 constituuntur,
1046 1880 1082 1944 id
1114 1888 1165 1944 est
1193 1903 1235 1944 ex
1264 1889 1434 1944 structura

245 2007 520 2081 caementorum,
555 1998 685 2085 lapide,
717 2019 892 2080 marmore,
924 2020 1006 2084 quae
1038 2020 1154 2063 sonare
1185 2023 1251 2064 non
1281 2008 1432 2086 possunt,

262 2127 339 2182 tunc
362 2139 405 2180 ex
425 2115 477 2180 his
498 2116 560 2180 hae
582 2117 725 2180 rationes
749 2124 825 2179 sunt
847 2115 1074 2203 explicandae.

221 2255 244 2296 rs
348 2235 378 2298 8.
403 2233 484 2320 (43.)
513 2233 572 2298 Sin
596 2243 703 2300 autem
728 2237 912 2322 quaeritur,
940 2236 975 2297 in
998 2257 1061 2321 quo
1083 2234 1209 2298 theatro
1233 2257 1272 2298 ea
1295 2237 1361 2299 sint
1383 2235 1433 2299 fa-

264 2361 332 2436 cta,
358 2353 480 2417 Romae
504 2375 568 2417 non
589 2374 761 2438 possumus
784 2352 972 2435 ostendere,
1002 2352 1060 2416 sed
1087 2354 1122 2415 in
1147 2352 1263 2416 Italiae
1290 2354 1431 2438 regioni-

264 2472 326 2537 bus
351 2480 382 2535 et
399 2472 438 2534 in
462 2469 609 2557 plurimis
630 2472 831 2537 Graecorum
854 2469 1059 2554 civitatibus3
1083 2473 1246 2558 etiamque
1264 2481 1429 2535 auctorem

264 2588 422 2653 habemus
444 2587 583 2652 Lucium
605 2589 814 2670 Mummium,
837 2587 1020 2672 quidiruto
1043 2588 1170 2652 theatro
1188 2587 1428 2652 Corinthiorum

266 2705 366 2770 echea
394 2727 496 2770 aenea
524 2705 660 2770 Romam
687 2706 886 2792 deportavit,
924 2714 955 2768 et
983 2705 1023 2769 de
1051 2706 1216 2772 manubiis
1246 2706 1288 2770 ad
1316 2705 1428 2770 aedem

221 2849 248 2890 ao
265 2823 378 2886 Lunae
402 2821 576 2888 dedicavit.
621 2823 718 2886 Multi
742 2824 838 2886 etiam
860 2821 1008 2886 sollertes
1031 2824 1215 2905 architecti,
1243 2824 1300 2914 qui
1318 2824 1353 2887 in
1373 2847 1429 2910 op·

264 2919 351 3024 pidis
370 2961 436 3002 non
457 2942 586 3026 magnis
608 2941 737 3005 theatra
759 2943 1010 3023 constituerunt,
1032 2949 1165 3028 propter
1184 2943 1329 3028 inopiam
1349 2941 1428 3004 ficti-

264 3055 351 3119 libus
377 3056 474 3122 doliis
502 3059 549 3121 ita
579 3059 771 3123 sonantibus
798 3057 912 3122 electis
938 3057 1000 3122 hae
1028 3059 1277 3153 ratiocinatione
1305 3082 1428 3146 compo-

266 3175 337 3238 sitis
356 3174 567 3261 perfecerunt
588 3175 779 3241 utilissimos
803 3176 948 3240 effectus.

632 3440 838 3508 oArur
870 3443 947 3507 vu.
971 3395 1060 3530 (vr)

223 3673 249 3712 25
355 3650 380 3707 1.
405 3643 486 3730 (44.)
507 3644 616 3731 Ipsius
634 3652 741 3708 autem
759 3644 881 3714 theatri
899 3643 1111 3710 conformatio
1133 3646 1181 3708 sic
1202 3653 1252 3710 est
1269 3645 1423 3731 facienda,

265 3763 431 3848 utiquam
452 3784 572 3846 magna
593 3761 704 3826 futura
726 3770 776 3826 est
796 3764 988 3846 perimetros
1010 3763 1084 3845 imi,
1108 3772 1219 3828 centro
1240 3763 1347 3828 medio
1367 3766 1424 3829 col-

266 3878 370 3942 locato
404 3878 645 3964 circumagatur
678 3879 766 3943 linea
798 3880 1056 3964 rotundationis,
1090 3882 1125 3944 in
1158 3903 1261 3967 eaque
1295 3891 1423 3968 quatuor

267 3997 453 4062 scribantur
474 3999 604 4081 trigona
625 3998 761 4084 paribus
788 3997 944 4062 lateribus
975 4007 1008 4062 et
1038 3997 1240 4082 intervallis,
1273 4021 1354 4085 quae
1374 4022 1424 4064 ex-

267 4125 404 4181 tremam
424 4091 545 4178 lineam
567 4117 791 4181 circinationis
814 4123 967 4200 tangant,
996 4114 1115 4201 quibus
1139 4117 1236 4178 etiam
1257 4117 1292 4179 in
1314 4115 1422 4180 duode-

225 4251 251 4291 30
268 4233 333 4296 eim
360 4233 528 4316 signorum
554 4232 744 4297 caelestium
774 4232 949 4318 astrologia
978 4255 1019 4297 ex
1052 4233 1178 4296 musica
1206 4233 1423 4297 convenientia

269 4356 429 4412 astrorum
461 4349 706 4414 ratiocinantur.
764 4350 844 4436 (45.)
878 4350 933 4412 Ex
966 4349 1018 4413 his
1051 4350 1189 4434 trigonis
1227 4351 1319 4416 cuius
1346 4349 1421 4414 latus
