3008 5162
263 489 265 494 Ι
289 398 348 460 132
789 409 948 456 vrrnuvrr
1017 387 1027 406 “
1117 449 1120 454 .

372 566 401 626 2.
428 562 511 649 (24.)
533 561 623 646 Ergo
642 558 853 648 pycnostylos
877 571 943 645 est,
968 561 1060 625 cuius
1088 560 1339 634 intercolumnio
1357 563 1441 626 unius
1492 601 1493 636 ,

288 691 320 746 et
344 681 542 776 dimidiatae,
556 679 725 745 columnae
748 681 932 776 crassitudo
962 669 1126 766 interponi
1154 688 1279 766 potest3
1303 680 1441 776 quemad-
1492 645 1493 730 l

286 799 420 864 modum
442 808 491 864 est
510 799 594 878 Divi
613 797 706 882 Iulii,
728 807 760 863 et
781 799 817 862 in
834 795 985 862 Caesaris
1004 796 1074 862 foro
1089 796 1249 881 Veneris,
1273 807 1305 864 et
1327 798 1354 862 si
1371 819 1442 884 quae

1079 911 1081 914 ’
1492 899 1493 926 l

287 918 371 983 aliae
394 918 441 996 sic
467 928 542 982 sunt
565 918 781 1004 compositae..

257 1102 269 1140 5
373 1069 454 1155 (25.)
477 1068 561 1133 Item
586 1067 728 1154 systylos
752 1074 816 1150 est,
836 1068 871 1131 in
892 1089 957 1154 quo
977 1067 1114 1130 duarum
1131 1066 1354 1132 columnarum
1369 1089 1443 1130 cras·
1492 1133 1493 1146 χ

288 1189 395 1254 situdo
418 1191 454 1252 in
473 1175 723 1252 intercolumnio
743 1185 865 1270 poterit
886 1185 1055 1267 collocari,
1087 1193 1119 1247 et
1144 1186 1306 1271 spirarum
1325 1184 1443 1271 plinthi·

287 1309 344 1373 des
380 1328 483 1394 aeque
515 1278 653 1390 magnae
686 1306 752 1368 sint
782 1306 813 1367 ei
845 1305 968 1390 spatio,
1001 1303 1090 1390 quod
1120 1303 1221 1368 fuerit
1242 1277 1343 1367 inter
1373 1302 1443 1364 duas
1492 1343 1493 1392 3

285 1425 482 1512 plinthidcs3
505 1422 777 1510 quemadmodum
796 1431 846 1486 est
856 1422 1022 1490 Fortunae
1037 1421 1210 1508 Equestris
1234 1420 1442 1484 ad'theatrum
1492 1395 1493 1486 l

288 1543 470 1632 lapideum,
500 1563 648 1631 quaeque
675 1540 823 1627 reliquae
846 1541 969 1605 eisdem
993 1542 1177 1606 rationibus
1201 1549 1278 1605 sunt
1300 1539 1443 1626 composi·

246 1688 271 1729 io
286 1670 351 1728 tae.
395 1663 427 1724 3.
451 1659 534 1748 (26.)
567 1659 659 1723 Haec
689 1666 829 1745 utraque
858 1682 981 1744 genera
1013 1662 1168 1726 vitiosum
1200 1660 1324 1724 habent
1351 1679 1443 1720 usum.
1492 1693 1493 1700 ξ

286 1779 410 1842 Matres
444 1779 533 1841 enim
565 1776 779 1860 familiarum,
814 1799 889 1840 cum
919 1777 963 1842 ad
996 1776 1271 1865 supplicationem
1299 1773 1444 1861 gradibus

287 1897 483 1979 ascendunt,
519 1917 586 1960 non
616 1902 754 1981 possunt
785 1915 844 1980 per
877 1887 1129 1960 intercolumnia
1161 1885 1333 1979 amplexae
1366 1891 1444 1954 adire
1492 1903 1493 1906 ’

267 2015 352 2079 nisi
385 2014 517 2079 ordines
554 2012 710 2096 fecerint,
744 2013 822 2076 item
854 2011 1028 2078 valvarum
1064 2023 1215 2100 aspectus
1254 2009 1445 2076 abstruditur
1492 2053 1493 2066 .

287 2133 512 2198 columnarum
533 2133 725 2217 crebritate,
748 2133 884 2219 ipsaque
905 2133 1000 2217 signa
1019 2131 1250 2213 obscurantur3
1273 2131 1351 2194 item
1370 2127 1445 2191 circa

245 2273 269 2314 15
288 2250 402 2316 aedem
422 2259 555 2337 propter
570 2235 744 2336 angustias
766 2249 991 2337 impediuntur
1013 2247 1261 2313 ambulationes.

372 2406 402 2465 4.
427 2401 508 2488 (27.)
540 2399 688 2496 Diastyli
714 2410 823 2465 autem
843 2399 923 2464 haec
951 2402 1013 2466 erit
1032 2401 1242 2488 compositio,
1263 2389 1341 2463 ‘cum
1358 2399 1444 2462 trium

287 2520 511 2584 columnarum
545 2518 797 2583 crassitudinem
831 2520 1080 2594 intercolumnio
1109 2520 1318 2605 interponere
1345 2535 1445 2602 possu-

286 2659 375 2720 mus,
400 2645 565 2723 tamquam
586 2647 636 2702 est
653 2623 819 2724 Apollinis
840 2644 871 2700 et
886 2636 1015 2702 Dianae
1032 2637 1134 2702 aedis.
1178 2635 1272 2701 Haec
1289 2633 1446 2722 dispositio
1489 2611 1493 2706 l

287 2753 372 2819 hano
395 2752 495 2820 habet
515 2752 758 2837 difficultatem,
783 2755 870 2841 quod
895 2755 1049 2844 epistylia
1062 2764 1195 2843 propter
1210 2753 1445 2819 intervallorum
1492 2723 1493 2750 ¹

244 2895 270 2935 ao
288 2870 547 2954 magnitudinem
569 2871 778 2958 franguntur.
1492 2863 1493 2868 ἵ

373 3027 402 3084 5.
426 3021 467 3084 In
491 3023 683 3111 araeostylis
708 3001 817 3104 autem
839 3046 899 3087 nec
925 3023 1063 3113 lapideis
1087 3047 1147 3088 neo
1170 3026 1362 3089 marmoreis
1387 3021 1445 3107 epi·
1492 3043 1493 3056 ¹

288 3138 395 3227 styliis
417 3142 465 3203 uti
489 3119 600 3224 datur,
624 3141 682 3204 sed
695 3141 912 3228 imponendae
929 3143 968 3206 de
983 3119 1121 3206 materia
1134 3143 1244 3206 trabes
1262 3151 1446 3230 perpetuae,
1492 3119 1493 3186 ff

289 3267 321 3326 st
339 3261 484 3347 ipsarum
506 3259 781 3354 aediumspecies
804 3269 881 3325 sunt
901 3263 1050 3344 varinae,
1074 3259 1331 3350 baiyoephalae,
1354 3257 1446 3322 humi-

238 3455 245 3470 ·
288 3376 354 3460 les,
383 3379 487 3460 latae3
517 3386 739 3464 ornanturque
769 3379 872 3463 signis
897 3379 1051 3444 fictilibus
1077 3388 1134 3442 aut
1161 3380 1269 3444 aereis
1297 3375 1445 3442 inauratis
1492 3387 1493 3440 l

244 3517 270 3558 as
290 3517 399 3558 earum
419 3494 555 3580 fastigia
577 3495 759 3561 Tuscanico
782 3506 888 3582 more',
915 3499 966 3561 uti
987 3507 1036 3560 est
1058 3497 1100 3562 ad
1124 3495 1256 3561 Circum
1271 3496 1444 3560 'Maximum
1492 3449 1493 3500 l

289 3613 418 3677 Cereris
432 3613 474 3677 ¹et
492 3612 647 3678 Herculis
670 3612 879 3701 Pompeiani,
902 3617 981 3680 item
997 3615 1203 3702 Capitolina.

374 3755 404 3814 6.
427 3748 506 3842 (28.)
535 3747 717 3844 Reddenda
745 3771 832 3813 nuno
854 3743 904 3812 est
926 3717 1045 3837 eustyli
1073 3754 1175 3835 ratio,
1206 3774 1292 3838 quae
1314 3750 1442 3816 maxime

286 3866 486 3953 probabilis,
506 3875 537 3930 et
558 3866 601 3931 ad
615 3890 711 3931 usum
723 3876 761 3931 et
782 3867 825 3948 ad
839 3869 981 3957 speciem
1001 3877 1033 3933 et
1048 3848 1091 3932 ad
1107 3869 1295 3948 firmitatem
1311 3872 1442 3935 rationes

287 3983 386 4050 habet
409 3983 599 4072 explicatas.
631 3984 792 4074 ‚Namque
814 3985 967 4054 facienda
988 3996 1064 4050 sunt
1085 3988 1121 4051 in
1142 3988 1327 4053 intervallis
1350 3986 1443 4074 spatia

185 4083 187 4088 ¹
243 4121 269 4162 ao
289 4101 426 4175 duarum
448 4102 671 4168 columnarum
693 4112 725 4168 et
748 4114 882 4192 quartae
901 4107 1004 4193 partis
1019 4107 1189 4172 columnae
1209 4105 1442 4183 crassitudinis3

286 4222 493 4306 mediumque
505 4221 790 4289 intercolumnium
805 4247 922 4309 unum,
939 4204 1027 4311 quod
1042 4225 1103 4289 erit
1118 4225 1153 4289 in
1169 4224 1293 4308 fronte,
1309 4223 1443 4299 alterum,
1492 4307 1493 4310 Ἴ

288 4340 375 4424 quod
404 4341 439 4403 in
465 4340 605 4424 postico,
637 4341 735 4405 trium
760 4343 984 4409 columnarum
1014 4343 1245 4410 crassitudine.
1292 4342 1346 4408 Sic
1368 4341 1443 4408 enim
