3006 5170
234 433 254 492 4
298 462 300 466 -
739 438 898 485 11111111

321 598 351 658 3.
373 595 432 680 (3.)
450 592 533 656 Cum
546 614 624 677 ergo
638 613 675 656 eo
688 590 847 655 beneficio
862 612 967 654 essem
982 589 1159 673 obligatus,
1172 595 1209 650 ut
1223 585 1266 649 ad
1282 585 1447 648 exitum

237 714 324 779 vitae
344 735 409 781 non
431 711 584 776 haberem
607 710 738 796 inopiae
761 710 928 792 timorem,
951 709 1032 772 hacc
1053 707 1114 772 tibi
1137 706 1280 770 scribere
1304 705 1443 790 coepi,

237 830 326 917 quod
347 814 582 910 animaduerti,
611 828 715 891 multa
744 836 776 890 tc
799 827 1027 892 aedificavisse
1055 834 1087 889 ct
1112 847 1200 889 nunc
1222 823 1441 904 aedificare,

237 947 363 1034 reliquo
390 968 520 1033 quoque
547 954 692 1033 tempore
715 954 748 1010 et
777 945 997 1032 publicorum,
1029 952 1061 1007 et
1088 945 1291 1030 privatorum
1309 939 1438 1036 ¹aedi-

209 1065 386 1129 sficiorum
406 1086 465 1152 pro
488 1063 702 1150 amplitudine
723 1087 832 1128 rerum
858 1072 1045 1148 gestarum,
1069 1069 1105 1125 ut
1125 1061 1266 1147 posteris
1288 1080 1437 1121 memo·

238 1185 306 1246 riae
333 1181 520 1264 tradantur,
539 1204 654 1248 curam
674 1183 872 1248 habiturum.
919 1180 1109 1267 Conscripsi
1131 1178 1433 1266 praescriptiones

238 1302 446 1385 terminatas,
474 1309 512 1365 ut
536 1323 591 1368 eas
621 1301 812 1384 attendens,
840 1309 873 1364 et
893 1308 968 1363 ante
990 1298 1078 1362 facta
1100 1307 1133 1361 et
1161 1297 1272 1361 futura
1298 1294 1432 1381 qualia

240 1421 307 1483 sint
328 1439 428 1507 opera
455 1443 514 1507 per
540 1430 573 1484 te
598 1443 711 1510 posses
740 1429 817 1485 nota
842 1420 975 1483 habere.
1021 1417 1170 1502 Namque
1199 1415 1250 1477 his
1272 1411 1427 1476 volumi-

239 1539 337 1604 nibus
363 1540 478 1626 aperui
501 1561 613 1604 omnes
638 1539 833 1625 disciplinae
855 1539 1008 1602 rationes.

674 1772 982 1839 CAPUTI.
1491 1770 1498 1875 Ι

329 1946 414 2031 1.4(
418 1945 441 2032 .)
395 1943 642 2009 4Architecti
660 1951 711 2009 est
727 1944 831 2008 scient
832 1944 865 2006 ia
885 1941 1034 2029 pluribus
1057 1940 1241 2026 disciplinis
1258 1945 1291 2003 et
1308 1936 1423 2002 variis

243 2061 483 2127 eruditionibus
507 2070 601 2125 ornat
602 2083 642 2145 a,
670 2061 763 2126 cuius
790 2061 912 2125 iudicio
933 2061 1114 2146 probantur
1133 2060 1257 2140 omnia,
1288 2077 1374 2142 quae
1398 2077 1423 2118 a

243 2180 359 2244 ceteris
381 2155 507 2244 artibus
527 2178 739 2265 perficiuntur
757 2200 865 2266 opera
911 2179 963 2242 Ea
991 2180 1137 2242 nascitur
1165 2199 1208 2241 ex
1229 2162 1357 2241 fabrica
1381 2183 1422 2237 et

243 2298 500 2364 ratiocinatione
544 2295 761 2361 Fabricat
712 2306 761 2361 est
790 2298 979 2364 continuata
1000 2318 1039 2360 ae
1064 2297 1142 2360 trita
1168 2317 1247 2359 usus
1273 2293 1419 2357 medita-

201 2445 226 2486 rs
243 2420 306 2501 tio,
345 2439 410 2504 qua
437 2416 590 2480 manibus
623 2415 831 2501 perficiture
860 2419 997 2482 materia
1029 2417 1253 2502 cuiuscunque
1279 2413 1417 2497 generis

243 2559 324 2625 opus
346 2545 396 2600 est
416 2536 460 2598 ad
480 2534 681 2623 propositum
705 2532 961 2602 deformationis.
985 2534 1206 2600 Ratiocinatio
1223 2541 1333 2596 autem
1349 2540 1415 2616 est,

244 2675 327 2740 quae
354 2675 406 2715 res
434 2650 612 2715 fabricatas
639 2649 784 2715 sollertia
810 2674 848 2715 ac
876 2654 1001 2732 ratione
1028 2651 1247 2740 proportionis
1278 2649 1415 2714 demon-
1439 2693 1442 2698 -

245 2777 349 2834 strare
370 2776 468 2854 atque
487 2767 652 2854 explicare
673 2775 790 2852 potest.
834 2769 949 2857 Itaque
971 2771 1159 2853 architecti,
1188 2770 1245 2856 qui
1268 2770 1338 2832 sine
1360 2767 1415 2831 111-

245 2886 324 2950 teris
347 2884 599 2968 contenderant,
631 2892 669 2948 ut
689 2885 840 2950 manibus
864 2898 972 2953 essent
993 2889 1179 2971 exercitati,
1207 2911 1273 2951 non
1298 2895 1412 2974 potue-

202 3029 228 3070 11
245 3012 321 3069 runt
341 3003 489 3086 efficere,
510 3012 547 3067 ut
567 3003 726 3068 haberent
747 3026 806 3090 pro
829 3003 995 3071 laboribus
1014 3009 1259 3088 auctoritatem
1283 3005 1338 3092 qui
1355 3026 1412 3068 au-

245 3131 310 3187 tem
331 3119 638 3186 ratiocinationibus
661 3130 702 3202 et*
715 3123 832 3187 litteris
856 3125 933 3188 solis
955 3126 1068 3191 confisi
1090 3125 1238 3208 fuerunt,
1261 3123 1411 3188 umbram

244 3263 310 3306 non
331 3263 401 3306 rem
420 3241 584 3326 persecuti
609 3239 774 3304 videntur.
819 3240 865 3306 At
885 3243 940 3329 qui
962 3251 1134 3330 utrumque
1154 3241 1409 3329 perdidicerunt,

245 3362 294 3427 uti
324 3357 474 3424 omnibus
507 3359 606 3422 armis
639 3358 759 3440 ornati,
794 3360 890 3423 citius
921 3380 994 3422 cum
1023 3361 1217 3425 auctoritate
1240 3360 1326 3448 quod
1346 3359 1409 3424 fuit

245 3479 447 3566 propositum
463 3483 538 3539 sunt
553 3476 705 3538 assecuti.
751 3478 780 3538 2.
805 3475 867 3561 (5.)
889 3478 969 3539 Oum
984 3477 1019 3539 in
1034 3479 1182 3542 omnibus
1199 3479 1286 3540 enim
1300 3477 1406 3562 rebus,

202 3621 228 3660 11
245 3608 316 3662 tum
329 3595 472 3660 maxime
487 3592 585 3656 etiam
600 3593 635 3655 in
653 3592 871 3656 architectura
882 3592 964 3657 haee
978 3591 1041 3656 duo
1058 3573 1184 3679 insunt,
1207 3595 1295 3681 quod
1310 3596 1407 3681 signi-

246 3717 363 3780 ficatur
390 3721 422 3780 et
450 3710 537 3798 quod
565 3708 740 3795 significat.
785 3709 995 3794 Significatur
1016 3714 1183 3799 proposita
1204 3737 1256 3778 res
1283 3715 1322 3779 de
1345 3738 1408 3801 qua

247 3834 383 3918 dicitur3
413 3831 498 3894 hanc
520 3837 629 3892 autem
652 3828 816 3914 significat
836 3829 1068 3896 demonstratio
1090 3833 1270 3898 rationibus
1293 3832 1407 3897 doctri-

246 3954 362 4018 narum
387 3933 568 4035 explieata.
615 3946 725 4028 Quare
758 3948 890 4014 videtur
923 3959 1061 4038 utraque
1090 3957 1182 4034 parte
1213 3951 1406 4017 exercitatus

247 4092 318 4134 esse
341 4067 475 4150 debere,
498 4069 555 4152 qui
574 4089 609 4130 se
628 4068 842 4134 architectum
863 4070 1061 4156 profiteatur.

205 4282 231 4326 so
334 4255 393 4342 (6.)
417 4254 532 4340 Itaque
551 4274 625 4317 eum
644 4264 676 4318 et
696 4258 903 4342 ingeniosum
925 4275 997 4318 esse
1016 4257 1141 4338 oportet
1164 4251 1260 4316 etad
1282 4251 1404 4337 discipli

247 4392 324 4434 nam
339 4370 492 4456 docilem3
515 4391 621 4457 neque
638 4373 724 4434 enim
739 4375 908 4458 ingenium
929 4375 999 4438 sine
1020 4368 1210 4454 disciplina,
1236 4377 1293 4434 aut
1316 4369 1403 4434 disci-
