3028 5164
238 391 300 454 200
742 395 900 444 VITRUVII

238 556 294 620 dia
314 553 529 638 longitudinis
551 552 807 631 constituantur,
843 548 908 612 nisi
939 548 968 610 si
995 547 1059 611 loci
1085 553 1203 620 natura
1224 541 1422 629 impedierit

240 682 272 737 et
298 671 394 735 aliter
423 671 567 757 coe'gerit
597 669 819 756 symmetriam
848 665 1052 731 commutari.
1098 661 1158 728 Sin
1182 669 1291 725 autem
1320 658 1422 724 mous

240 793 303 855 erit
325 789 464 877 amplior
484 789 519 852 in
539 787 761 874 longitndine,
783 783 964 850 chalcidica
981 785 1015 847 in
1036 782 1191 847 extremis
1211 779 1421 844 constituan-

240 917 311 991 tur,
332 909 381 971 uti
405 915 481 971 sunt
503 907 537 969 in
558 905 646 969 Iulia
666 905 855 991 Aquiliana.

211 1055 224 1095 s
327 1029 356 1088 5.
383 1025 465 1111 (12.)
490 1017 670 1088 Columnae
690 1021 902 1088 basilicarum
925 1029 991 1083 tarn
1019 1019 1120 1101 altae,
1147 1037 1246 1103 quam
1265 1015 1419 1101 porticus

241 1145 328 1208 latae
361 1142 501 1225 fuerint,
535 1141 707 1206 faciendae
738 1141 910 1222 videntur3
946 1139 1108 1223 porticus,
1141 1158 1238 1222 quam
1269 1133 1421 1197 medium

242 1264 383 1349 spatium
406 1259 552 1326 futurum
572 1269 622 1324 est
629 1309 638 1343 ,
662 1280 704 1324 ex
720 1260 818 1324 tertia
835 1258 978 1321 finiatur.
1025 1254 1205 1320 Columnae
1228 1253 1419 1338 superiores
1493 1275 1494 1278 ¹

242 1381 385 1444 minores
408 1399 505 1464 quam
526 1377 717 1461 inferiores,
748 1379 797 1441 uti
825 1375 1102 1462 suprascriptum
1125 1379 1189 1454 est,
1211 1370 1418 1434 constituan-
1495 1417 1496 1420 1

242 1508 306 1561 tur.
352 1494 517 1580 Pluteum,
548 1496 635 1583 quod
663 1495 763 1560 fuerit
787 1496 872 1558 inter
898 1493 1082 1579 superiores
1110 1499 1141 1554 et
1168 1487 1341 1552 inferiores
1365 1509 1419 1550 co-

199 1639 226 1679 10
244 1607 390 1699 lumnas,
410 1616 489 1678 item
511 1623 627 1702 quarta
649 1623 742 1701 parte
765 1615 891 1695 minus,
915 1633 1013 1698 quam
1037 1609 1221 1695 superiores
1244 1605 1419 1672 columnae
1499 1691 1500 1702 ἵ

244 1734 383 1817 fuerint,
415 1742 563 1820 oportere
589 1733 661 1796 fieri
683 1731 832 1814 videtur,
863 1731 912 1796 uti
934 1749 1032 1816 supra
1061 1726 1217 1792 basilicae
1247 1725 1420 1808 contigna-

244 1853 366 1916 tionem
390 1850 595 1915 ambulantes
624 1851 666 1916 ab
690 1850 951 1934 negotiatoribus
971 1869 1014 1910 ne
1039 1845 1292 1930 conspiciantur.
1336 1840 1419 1928 Epi-

246 1966 360 2051 stylia,
393 1966 542 2052 zephori,
577 1988 715 2030 coronae
744 1989 786 2030 ex
817 1967 1014 2052 symmetriis
1028 1963 1283 2044 columnarum,
1316 1969 1353 2023 nt
1382 1961 1419 2023 in

245 2085 341 2147 tertio
362 2083 445 2147 libro
468 2083 629 2169 diximus,
654 2084 868 2172 explicentur.
949 2095 951 2100 ’

203 2226 228 2294 rs
333 2204 363 2264 6.
385 2200 466 2287 (13.)
497 2201 572 2266 Non
599 2203 708 2266 minus
737 2223 896 2264 summam
926 2200 1121 2284 dignitatem
1149 2208 1181 2263 et
1210 2206 1420 2266 venustatem

189 2397 191 2401 ι
247 2325 384 2407 possunt
405 2316 533 2382 'habere
563 2320 821 2405 comparationes
843 2318 1071 2404 basilicarum,
1093 2341 1157 2406 quo
1179 2341 1300 2405 genere
1323 2317 1419 2383 Colo-

247 2439 322 2501 niae
359 2435 464 2501 Iuliae
501 2434 653 2500 Fanestri
686 2438 843 2504 colldbavi
876 2438 1053 2524 curavique
1088 2435 1289 2520 faciendam,
1325 2440 1418 2501 cuius

249 2554 487 2642 proportiones·
515 2559 547 2614 et
581 2557 789 2637 symmetriae
822 2557 869 2620 sic
902 2563 978 2619 sunt
1011 2557 1218 2619 constitutae.
1262 2554 1419 2619 Mediana

249 2672 380 2738 testudo
400 2673 487 2734 inter
508 2669 675 2732 columnas
695 2649 745 2734 est
763 2671 863 2758 longa
883 2673 984 2760 pedes
1000 2672 1115 2756 CXX,
1132 2672 1199 2735 lata
1220 2673 1320 2759 pedes
1334 2673 1420 2756 LX3

206 2819 232 2859 20
250 2791 394 2878 porticus
415 2787 486 2850 eius
510 2787 598 2849 circa
617 2786 815 2850 testudinem
838 2792 923 2854 inter
945 2793 1086 2878 parietes
1112 2800 1144 2855 et
1166 2777 1334 2856 colum-nas
1352 2790 1422 2856 lata

250 2907 350 2994 pedes
367 2903 470 2986 ⁴XX3
504 2903 674 2968 columnae
702 2902 930 2971 altitudinibus
959 2911 1126 2996 perpetuis
1158 2932 1231 2974 cum
1267 2907 1420 2996 capitulis

250 3023 370 3110 pedum
390 3021 435 3103 L,
459 3022 733 3086 crassitudinibus
761 3022 912 3108 quinum,
939 3026 1096 3091 habentes
1117 3037 1192 3113 post
1217 3051 1252 3092 se
1274 3036 1421 3115 parasta-

249 3142 332 3204 ticas
348 3139 432 3203 altas
451 3138 551 3224 pedes
566 3137 652 3221 XX,
674 3137 757 3202 latas
780 3139 880 3227 pedes
899 3140 984 3224 IIS,
1008 3165 1135 3208 crassas
1158 3143 1225 3228 IS,
1248 3168 1331 3232 quae
1350 3169 1421 3210 sus-

251 3260 357 3323 tinent
379 3257 506 3340 trabes,
525 3255 697 3342 inquibus
719 3257 920 3323 invehuntur
942 3261 1125 3345 porticuum
1141 3265 1422 3348 contignationes;

208 3407 235 3448 25
253 3399 416 3464 supraque
445 3398 501 3440 eas
529 3375 613 3438 aliae
642 3379 859 3461 parastaticae
888 3378 1007 3465 pedum
1036 3378 1171 3461 XVIII,
1199 3379 1286 3444 latae
1314 3381 1421 3467 binoS,

254 3517 385 3560 crassae
413 3494 547 3580 pedem,
575 3516 658 3580 quae
685 3496 853 3581 excipiunt
881 3499 960 3560 item
986 3494 1096 3560 trabes
1127 3497 1324 3562 sustinentes
1347 3520 1422 3563 can-

254 3615 395 3680 therium
419 3622 451 3678 et
472 3615 671 3698 porticuum,
701 3635 784 3699 quae
808 3621 883 3677 sunt
908 3614 1083 3690 summissa
1104 3612 1191 3676 infra
1211 3614 1420 3696 testudinem,

254 3740 350 3796 tecta.
396 3736 425 3798 7.
454 3730 595 3817 Reliqua
616 3732 724 3816 spatia
744 3733 830 3795 inter
851 3733 1121 3817 parastaticarum
1148 3740 1181 3795 et
1201 3732 1425 3796 columnarum

254 3848 364 3913 trabes
387 3871 446 3935 per
467 3848 719 3914 intercolumnia
741 3845 921 3914 luminibus
941 3858 1017 3913 sunt
1035 3848 1158 3914 relicta.

210 3998 237 4040 30
342 3966 522 4031 Columnae
542 3975 618 4030 sunt
646 3967 681 4030 in
702 3965 877 4031 latitudine
905 3967 1081 4032 testudinis
1110 3988 1183 4031 cnm
1211 3967 1424 4053 angularibus

256 4085 372 4178 dextra
399 4105 438 4147 ac
463 4085 597 4147 sinistra
623 4092 818 4170 quaternae,
846 4087 881 4150 in
909 4084 1133 4170 longitudine,
1163 4107 1247 4171 quae
1276 4093 1325 4148 est
1355 4085 1425 4150 foro

254 4204 420 4289 proxima,
443 4223 517 4265 cum
539 4201 658 4265 iisdem
680 4202 893 4288 angularibus
916 4211 1004 4285 octo,
1033 4223 1075 4266 ex
1106 4202 1209 4266 altera
1230 4208 1323 4288 parte
1351 4224 1424 4266 cum

254 4320 465 4406 angularibus
490 4319 554 4401 VI,
576 4319 650 4384 ideo
673 4319 761 4406 quod
781 4321 909 4387 mediae
931 4321 1015 4386 duae
1035 4322 1071 4385 in
1093 4342 1132 4384 ea
1153 4327 1246 4408 parte
1262 4340 1328 4385 non
1350 4329 1425 4384 sunt
