3006 5170
283 421 324 480 46
787 432 944 480 vmauvn

284 585 479 649 directiones
506 586 670 668 vicorum,
703 586 752 649 uti
783 585 997 651 advenientes
1029 585 1073 650 ad
1102 585 1239 671 angulos
1270 587 1474 651 insularum

281 704 476 788 frangantur
497 703 683 791 repulsique
707 703 917 791 dissipentur.

368 826 398 886 9.
414 822 496 910 (56.)
506 821 661 887 Fortasse
676 823 885 887 mirabuntur
895 821 929 904 ii,
944 822 1000 908 qui
1014 823 1117 886 multa
1132 833 1307 888 ventorum
1321 825 1472 889 nomina

283 949 461 1024 noverunt,
488 940 575 1028 quod
597 939 731 1006 anobis
755 942 939 1028 expositum
963 942 1021 1023 sit,
1039 949 1167 1006 tantum
1189 951 1263 1007 octo
1286 964 1364 1006 esse
1386 965 1469 1006 ven-

253 1069 342 1127 atos.
388 1060 424 1124 Si
455 1068 564 1124 autem
590 1059 897 1142 animadverterint,
931 1059 1020 1123 orbis
1053 1068 1159 1126 terrae
1192 1063 1468 1126 circumitionem

281 1202 340 1267 per
370 1179 448 1244 solis
478 1201 609 1243 cursum
640 1187 672 1243 et
702 1178 833 1242 umbras
861 1179 1032 1264 gnomonis
1060 1179 1317 1267 aequinoctiales
1349 1191 1390 1245 et
1421 1184 1469 1245 in·

282 1299 490 1364 clinationem
511 1296 594 1362 caeli
621 1298 662 1362 ab
685 1295 903 1361 Eratosthene
923 1295 1092 1384 Cyrenaeo
1120 1298 1302 1364 rationibus
1332 1301 1467 1363 mathe-

281 1419 409 1482 maticis
443 1427 474 1482 et
503 1417 710 1503 geometricis
743 1414 904 1480 methodis
939 1437 1011 1479 esse
1042 1418 1212 1481 inventam
1238 1415 1465 1481 ducentorum

282 1537 522 1623 quinquaginta
551 1534 652 1599 duum
678 1533 819 1600 millium
851 1532 1048 1617 stadiorum,
1086 1557 1170 1622 quae
1192 1535 1275 1599 fiunt
1295 1557 1463 1622 passuum

239 1681 265 1724 10
281 1655 454 1719 trecenties
485 1662 517 1717 et
550 1654 658 1717 decies
692 1654 872 1742 quingenta
902 1652 1019 1736 millia3
1058 1653 1155 1717 huius
1191 1663 1300 1718 autem
1338 1665 1463 1721 octava

281 1796 374 1861 pam,
408 1794 505 1858 quam
530 1780 648 1836 ventus
675 1780 786 1836 tenere
814 1771 962 1857 videtur,
996 1781 1045 1838 est
1067 1773 1178 1837 tricies
1205 1783 1383 1859 nongenta
1409 1777 1462 1838 tri-

281 1892 375 1974 ginta
395 1898 519 1976 septem
541 1889 644 1953 millia
665 1899 698 1953 et
725 1912 841 1977 passus
865 1892 1053 1978 quingenti:
1093 1913 1160 1956 non
1192 1891 1367 1956 debebunt
1406 1896 1461 1956 mi-

281 2009 364 2089 rari,
407 2007 435 2070 si
468 2008 504 2072 in
536 2014 604 2070 tam
638 2029 756 2093 magno
792 2012 896 2095 spatio
930 2032 1015 2074 unus
1057 2019 1174 2076 ventus
1212 2012 1373 2096 vagando
1415 2015 1460 2075 in-

282 2125 514 2190 clinationibus
557 2135 589 2192 et
631 2127 870 2194 recessionibus
915 2131 1090 2196 varietates
1132 2103 1311 2194 mutatione
1358 2129 1458 2194 flatus

239 2269 264 2311 15
282 2245 392 2310 faciat.

368 2370 417 2430 10.
441 2365 522 2452 (57.)
543 2365 659 2452 ltaque
678 2365 794 2431 dextra
814 2375 847 2430 et
868 2366 1000 2430 sinistra
1014 2366 1171 2430 Austrum
1188 2367 1406 2431 Leuconotus
1428 2377 1455 2430 et

281 2485 422 2550 Altanus
441 2483 521 2572 flare
544 2484 640 2568 solet,
663 2485 814 2550 Africum
836 2483 1017 2548 Libonotus
1041 2492 1073 2547 et
1096 2483 1342 2571 Subvesperus,
1367 2487 1453 2549 circa

284 2605 468 2669 Favonium
495 2603 655 2687 Argestes
687 2613 719 2667 et
748 2603 844 2667 certis
874 2603 1076 2689 temporibus
1097 2603 1249 2684 Etesiae,
1284 2602 1329 2666 ad
1350 2602 1452 2667 latera

286 2721 388 2785 Cauri
407 2720 535 2785 Circius
551 2729 583 2784 et
599 2719 719 2804 Corus,
743 2721 831 2784 circa
851 2720 1114 2807 Septentrionem
1132 2721 1307 2786 Thrascias
1325 2729 1360 2785 et
1377 2721 1451 2785 Gal-

239 2865 265 2906 20
283 2839 376 2920 licus,
399 2838 516 2903 dextra
537 2860 575 2902 ac
597 2841 729 2904 sinistra
743 2837 941 2924 Aquilonem
957 2840 1121 2926 Supernas
1138 2848 1171 2904 et
1187 2839 1341 2924 Caecius,
1366 2843 1451 2904 circa

286 2954 441 3020 Solanum
457 2955 579 3022 Garbas
600 2966 632 3022 et
649 2967 737 3022 certo
752 2966 898 3044 tempore
910 2958 1082 3023 Ornithiae
1090 3007 1099 3041 ,
1122 2942 1307 3024 Eurivero
1323 2959 1449 3023 medias

283 3083 392 3161 partes
413 3078 554 3140 tenentis
574 3078 608 3140 in
631 3080 784 3141 extremis
807 3077 1025 3176 Eurocagcias
1048 3085 1080 3141 et
1101 3075 1290 3142 Volturnus.

369 3195 449 3281 (58.)
470 3193 552 3259 Sunt
565 3205 675 3260 autem
690 3205 722 3260 et
737 3195 802 3259 alia
821 3195 916 3283 plura
928 3199 1060 3260 nomina
1069 3195 1230 3283 flatusque
1243 3204 1449 3262 ventorume

283 3312 363 3378 locis
381 3322 438 3378 aut
450 3313 638 3378 fluminibus
653 3322 710 3378 aut
725 3316 883 3379 montium
898 3315 1050 3402 procellis
1061 3323 1183 3398 tracta3
1214 3319 1262 3378 11.
1279 3325 1448 3402 praeterea

238 3455 264 3495 as
283 3454 382 3497 aurae
397 3433 593 3516 matutinae,
617 3435 783 3520 quas-sol,
806 3457 879 3499 cum
899 3435 1036 3518 emergit
1058 3434 1098 3498 de
1113 3433 1328 3498 subterranea
1347 3443 1447 3522 parte,

283 3552 444 3616 versando
466 3552 575 3638 pulsat
596 3553 680 3617 aeris
702 3551 886 3635 humorem,
916 3561 948 3616 et
970 3554 1094 3640 impetu
1115 3551 1301 3616 scandendo
1323 3563 1447 3638 protru-

284 3671 363 3735 dens
391 3671 545 3759 exprimit
578 3693 732 3736 aurarum
765 3671 958 3736 antelucano
989 3672 1106 3759 spiritu
1136 3671 1249 3752 flatus,
1287 3671 1345 3758 qui
1377 3695 1446 3736 cum

284 3797 397 3854 exorto
421 3788 489 3854 sole
511 3797 774 3878 permanserunt,
797 3789 879 3853 Euri
901 3791 993 3855 venti
1010 3797 1122 3854 tenent
1143 3798 1271 3874 partes;
1295 3797 1327 3853 et
1352 3813 1390 3854 ea
1404 3814 1445 3874 re,

283 3910 372 3998 quod
394 3931 437 3974 ex
458 3909 545 3972 auris
567 3916 771 3995 procreatur,
807 3930 827 3971 a
853 3909 989 3973 Graecis
1018 3893 1116 3989 εὖρος
1140 3901 1271 3973 uidetur
1297 3930 1370 3972 esse
1395 3932 1445 3996 ap-

237 4054 263 4096 so
283 4028 439 4116 pellatus,
473 4028 697 4113 crastinusque
731 4027 799 4091 dies
833 4035 965 4114 propter
994 4048 1090 4090 auras
1120 4026 1295 4090 matutinas
1330 4018 1445 4110 αὔριον

398 4117 407 4140 .

283 4147 386 4212 fertur
409 4167 480 4213 esse
501 4146 673 4210 vocitatus.

369 4265 452 4352 (59.)
482 4263 564 4329 Sunt
592 4271 701 4328 autem
728 4262 892 4345 nonnulli,
932 4263 988 4348 qui
1021 4271 1160 4349 negant,
1177 4307 1179 4312 -
1198 4235 1443 4329 Eratostlienem

282 4384 427 4468 potuisse
442 4405 553 4448 veram
574 4402 761 4446 mensuram
782 4381 869 4446 orbis
890 4391 997 4446 terrae
1018 4381 1190 4466 colligere3
1212 4401 1297 4466 quae
1313 4382 1383 4448 sive
1399 4391 1442 4447 est
