3006 5170
236 481 244 497 .
267 435 307 498 30
769 447 928 494 vrruuvu

266 599 374 685 gendo
403 609 460 664 aut
485 600 662 666 minuendo
692 601 835 665 infirmat
865 609 975 666 cetera
1002 602 1182 689 principia3
1213 611 1379 667 terrena
1419 604 1475 666 cil

266 718 440 805 plenitate,
464 727 520 783 aer
542 719 706 804 gravitate
729 719 823 782 caeli.

353 959 381 1020 7.
407 956 488 1044 (35.)
528 956 593 1022 Sed
616 956 739 1043 siquis
763 956 904 1022 voluerit
926 955 1117 1044 diligentius
1145 957 1226 1023 haec
1249 979 1373 1023 sensu
1400 984 1476 1048 per

266 1077 385 1164 cipere,
408 1075 650 1142 animadvertat
670 1074 885 1164 attendatque
905 1079 1038 1142 naturas
1059 1078 1170 1143 avium
1194 1088 1227 1143 et
1248 1080 1424 1166 piscium
1450 1097 1476 1143 cl

234 1219 246 1258 e
265 1196 467 1261 terrestrium
497 1193 705 1278 animalium,
733 1195 833 1258 etita
854 1195 1077 1260 considerabit
1099 1195 1292 1261 discrimina
1322 1205 1411 1262 tem
1417 1222 1476 1284 pe-

265 1323 408 1379 raturae.
452 1313 563 1378 Aliam
587 1314 674 1378 enim
697 1314 889 1380 mixtionem
915 1313 1018 1402 ¹habet
1045 1337 1149 1400 genus
1175 1317 1308 1400 avium,
1352 1316 1476 1380 aliam

264 1434 420 1522 piscium,
443 1432 541 1520 longe
564 1433 661 1498 aliter
682 1434 885 1498 terrestrium
908 1441 1036 1498 natura.
1070 1433 1228 1498 Volucres
1251 1435 1377 1498 minus
1406 1435 1472 1498 ha-

263 1551 343 1618 bent
370 1554 508 1636 terreni,
540 1554 648 1635 minus
676 1553 836 1636 humoris,
870 1551 987 1618 caloris
1015 1560 1211 1639 temperate,
1244 1553 1338 1616 aeris
1372 1554 1468 1617 mul-

263 1682 348 1757 tum3
379 1674 482 1757 igitur
508 1670 688 1737 levioribus
719 1673 890 1758 principiis
923 1672 1119 1760 compositae
1141 1670 1271 1734 facilius
1295 1673 1336 1735 in
1361 1676 1462 1737 ae'ris

222 1815 247 1854 ro
264 1793 421 1884 impeturn
450 1790 608 1853 nituntur.
654 1787 827 1873 Aquatilos
851 1797 960 1853 autem
990 1791 1129 1877 piscium
1159 1798 1317 1873 naturae,
1356 1791 1460 1878 quod

264 1917 463 1995 temperatae
495 1913 570 1970 sunt
601 1927 621 1968 a
651 1905 758 1969 calido
783 1905 1032 1995 ¹plurimumque
1063 1929 1106 1970 ex
1134 1916 1209 1972 aere
1242 1917 1274 1972 et
1308 1917 1454 1974 terreno

266 2036 342 2091 sunt
370 2025 583 2117 compositae,
623 2023 681 2086 sed
705 2022 850 2090 humoris
877 2025 999 2091 babent
1026 2028 1145 2114 oppido
1173 2049 1271 2114 quam
1292 2028 1450 2115 paulum,

266 2167 330 2233 quo
358 2147 466 2214 minus
494 2150 618 2215 habent
646 2171 663 2212 e
691 2147 863 2235 principiis
892 2146 1037 2210 humoris
1059 2147 1094 2210 in
1120 2167 1271 2234 corpore,
1305 2147 1448 2212 facilius

266 2265 301 2330 in
332 2265 466 2333 humore
496 2269 691 2356 perdurant;
726 2269 838 2354 itaque
870 2287 943 2329 cum
976 2264 1019 2328 ad
1048 2273 1169 2329 terram
1201 2265 1443 2352 perducuntur,

223 2403 248 2447 15
264 2388 407 2453 animam
428 2411 502 2453 cum
522 2411 608 2478 aqua
629 2390 828 2474 relinquunt.
873 2383 957 2448 Item
981 2384 1164 2466 terrestria,
1194 2383 1282 2470 quod
1304 2405 1321 2446 e
1349 2386 1439 2471 prin·

264 2508 359 2593 cipiis
392 2507 433 2572 ab
467 2517 542 2572 ae're
576 2507 748 2593 caloreque
781 2512 856 2568 sunt
884 2511 1082 2602 temperata,
1116 2502 1289 2589 minusque
1313 2501 1440 2567 habent

264 2626 386 2688 terreni
401 2625 642 2712 plurimumque
660 2623 822 2705 humoris,
844 2621 930 2710 quod
950 2620 1120 2685 abundant
1138 2620 1291 2685 humidae
1311 2629 1436 2708 partes,

264 2763 331 2806 non
351 2741 408 2805 diu
430 2750 567 2827 possunt
595 2744 631 2806 in
657 2764 743 2829 aqua
764 2742 866 2808 vitam
894 2740 990 2804 tueri.
1046 2743 1076 2804 8.
1107 2738 1196 2823 Ergo
1222 2739 1249 2801 si
1277 2737 1358 2802 haec
1386 2741 1434 2803 ita

265 2857 435 2941 videntur,
458 2841 729 2945 quemadmodum
752 2861 996 2949 proposuimus,
1031 2866 1063 2922 et
1085 2881 1102 2922 e
1120 2857 1289 2944 principiis
1310 2858 1432 2920 anima-

222 2999 249 3038 ro
265 2977 345 3040 lium
377 2997 514 3063 corpora
541 2979 719 3066 composita
751 3001 848 3042 sensu
875 2978 1089 3065 percipimus,
1123 2984 1154 3040 et
1176 2977 1429 3062 exsuperationi·

264 3096 326 3161 bus
349 3104 407 3159 aut
431 3095 669 3162 defectionibus
689 3120 728 3163 ea
750 3098 900 3163 laborare
924 3096 1123 3182 dissolvique
1144 3095 1338 3178 iudicamus,
1364 3117 1427 3158 non

266 3215 468 3300 dubitamus,
504 3218 584 3304 quin
611 3216 801 3301 diligentius
827 3219 940 3303 quaeri
962 3223 1125 3305 oporteat,
1156 3215 1205 3277 uti
1231 3215 1424 3299 temperatis-

265 3335 363 3397 simas
385 3334 468 3399 caeli
490 3335 638 3420 regiones
662 3334 838 3422 eligamus,
864 3358 938 3400 cum
962 3333 1148 3422 quaerenda
1169 3333 1269 3398 fuerit
1291 3334 1323 3395 in
1341 3355 1422 3396 moe-

265 3455 356 3518 nium
379 3453 646 3519 collocationibus
669 3456 855 3521 salubritas·

222 3719 248 3760 25
349 3696 379 3756 9.
401 3692 484 3778 (36.)
518 3691 635 3778 Itaque
668 3694 765 3757 etiam
796 3699 893 3778 atque
928 3693 1025 3756 etiam
1047 3699 1191 3756 veterem
1212 3688 1416 3755 revocandam

264 3831 381 3873 censeo
404 3810 574 3875 rationem.
630 3810 771 3875 Maiores
802 3810 889 3872 enim
916 3810 1089 3895 pecoribus
1120 3809 1305 3890 immolatis,
1339 3829 1413 3893 quae

263 3928 481 4014 pascebantur
503 3929 598 3993 iniis
621 3928 716 4011 locis,
747 3905 865 4015 quibus
888 3937 945 3992 aut
966 3929 1086 4017 oppida
1104 3936 1161 3990 aut
1184 3936 1289 3992 castra
1306 3929 1411 3990 stativa

264 4047 562 4130 constituebantur,
592 4047 812 4134 inspiciebant
842 4049 1003 4131 iocinera,
1034 4056 1065 4112 et
1096 4049 1123 4111 si
1153 4056 1247 4111 erant
1274 4045 1362 4112 livida
1383 4057 1410 4111 et

265 4166 384 4230 vitiosa
406 4165 527 4250 prima,
551 4164 617 4228 alia
636 4164 865 4250 immolabant,
890 4165 1078 4232 dubitantes
1100 4174 1209 4230 utrum
1230 4163 1346 4248 morbo,
1371 4187 1408 4228 an

221 4306 248 4347 ³0
264 4284 378 4368 pabuli
411 4285 492 4349 vitio
525 4285 614 4350 laesa
644 4294 761 4351 essent.
815 4284 897 4349 Cum
933 4283 1081 4370 pluribus
1115 4285 1244 4371 experti
1273 4293 1351 4348 erant
1379 4293 1407 4348 et

264 4401 484 4487 probaverant
506 4405 667 4488 integram
692 4412 724 4468 et
749 4403 887 4467 solidam
908 4410 1059 4467 naturam
1079 4402 1259 4467 iocinerum
1280 4423 1315 4466 ex
1332 4423 1405 4488 aqua
