<?xml version="1.0" encoding="UTF-8"?>
<!DOCTYPE html PUBLIC "-//W3C//DTD XHTML 1.0 Transitional//EN"
    "http://www.w3.org/TR/xhtml1/DTD/xhtml1-transitional.dtd">
<html xmlns="http://www.w3.org/1999/xhtml" xml:lang="en" lang="en">
 <head>
  <title>
</title>
<meta http-equiv="Content-Type" content="text/html;charset=utf-8" />
  <meta name='ocr-system' content='tesseract 3.04.00' />
  <meta name='ocr-capabilities' content='ocr_page ocr_carea ocr_par ocr_line ocrx_word'/>
</head>
<body>
  <div class='ocr_page' id='page_1' title='image "./marcivitruviipo00loregoog_0240.png"; bbox 0 0 3028 5164; ppageno 0'>
   <div class='ocr_carea' id='block_1_1' title="bbox 253 448 937 511">
    <p class='ocr_par' dir='ltr' id='par_1_1' title="bbox 253 448 937 511">
     <span class='ocr_line' id='line_1_1' title="bbox 253 448 937 511; baseline -0.009 -2"><span class='ocrx_word' id='word_1_1' title='bbox 253 448 315 511; x_wconf 82' lang='lat'>232</span> <span class='ocrx_word' id='word_1_2' title='bbox 757 459 916 505; x_wconf 80' lang='lat' dir='ltr'>vlrnuvu</span> <span class='ocrx_word' id='word_1_3' title='bbox 934 483 937 488; x_wconf 91' lang='lat'><em>-</em></span> 
     </span>
    </p>
   </div>
   <div class='ocr_carea' id='block_1_2' title="bbox 218 610 1478 2562">
    <p class='ocr_par' dir='ltr' id='par_1_2' title="bbox 254 610 1435 1054">
     <span class='ocr_line' id='line_1_2' title="bbox 254 610 1432 702; baseline -0.003 -23"><span class='ocrx_word' id='word_1_4' title='bbox 254 615 343 702; x_wconf 92' lang='lat' dir='ltr'>quod</span> <span class='ocrx_word' id='word_1_5' title='bbox 372 637 415 688; x_wconf 85' lang='lat' dir='ltr'>ex</span> <span class='ocrx_word' id='word_1_6' title='bbox 432 611 595 679; x_wconf 90' lang='lat' dir='ltr'>viridibus</span> <span class='ocrx_word' id='word_1_7' title='bbox 622 610 752 676; x_wconf 88' lang='lat' dir='ltr'>subtilis</span> <span class='ocrx_word' id='word_1_8' title='bbox 782 618 815 673; x_wconf 90' lang='lat' dir='ltr'>et</span> <span class='ocrx_word' id='word_1_9' title='bbox 841 617 1036 674; x_wconf 89' lang='lat' dir='ltr'>extenuatus</span> <span class='ocrx_word' id='word_1_10' title='bbox 1067 619 1125 674; x_wconf 73' lang='lat' dir='ltr'>aer</span> <span class='ocrx_word' id='word_1_11' title='bbox 1153 619 1286 696; x_wconf 91' lang='lat' dir='ltr'>propter</span> <span class='ocrx_word' id='word_1_12' title='bbox 1311 613 1432 675; x_wconf 91' lang='lat' dir='ltr'>motio-</span> 
     </span>
     <span class='ocr_line' id='line_1_3' title="bbox 255 728 1434 817; baseline -0.004 -20"><span class='ocrx_word' id='word_1_13' title='bbox 255 755 329 798; x_wconf 87' lang='lat' dir='ltr'>nem</span> <span class='ocrx_word' id='word_1_14' title='bbox 357 730 501 817; x_wconf 90' lang='lat' dir='ltr'>corporis</span> <span class='ocrx_word' id='word_1_15' title='bbox 528 728 668 793; x_wconf 90' lang='lat' dir='ltr'>influens</span> <span class='ocrx_word' id='word_1_16' title='bbox 696 729 847 814; x_wconf 83' lang='lat' dir='ltr'>perlimat</span> <span class='ocrx_word' id='word_1_17' title='bbox 874 729 1031 814; x_wconf 87' lang='lat' dir='ltr'>speciem,</span> <span class='ocrx_word' id='word_1_18' title='bbox 1062 736 1095 791; x_wconf 89' lang='lat' dir='ltr'>et</span> <span class='ocrx_word' id='word_1_19' title='bbox 1122 729 1168 792; x_wconf 88' lang='lat' dir='ltr'>ita</span> <span class='ocrx_word' id='word_1_20' title='bbox 1196 728 1348 792; x_wconf 88' lang='lat' dir='ltr'>auferens</span> <span class='ocrx_word' id='word_1_21' title='bbox 1384 751 1434 792; x_wconf 89' lang='lat' dir='ltr'>ex</span> 
     </span>
     <span class='ocr_line' id='line_1_4' title="bbox 256 849 1435 932; baseline -0.005 -16"><span class='ocrx_word' id='word_1_22' title='bbox 256 851 359 916; x_wconf 89' lang='lat' dir='ltr'>oculis</span> <span class='ocrx_word' id='word_1_23' title='bbox 385 850 553 913; x_wconf 86' lang='lat' dir='ltr'>humorem</span> <span class='ocrx_word' id='word_1_24' title='bbox 580 869 742 928; x_wconf 87' lang='lat' dir='ltr'>crassum,</span> <span class='ocrx_word' id='word_1_25' title='bbox 779 849 883 910; x_wconf 80' lang='lat' dir='ltr'>aciem</span> <span class='ocrx_word' id='word_1_26' title='bbox 908 854 1039 910; x_wconf 90' lang='lat' dir='ltr'>tenuem</span> <span class='ocrx_word' id='word_1_27' title='bbox 1068 855 1100 909; x_wconf 88' lang='lat' dir='ltr'>et</span> <span class='ocrx_word' id='word_1_28' title='bbox 1127 854 1256 910; x_wconf 90' lang='lat' dir='ltr'>acutam</span> <span class='ocrx_word' id='word_1_29' title='bbox 1284 849 1435 932; x_wconf 87' lang='lat' dir='ltr'>speciem</span> 
     </span>
     <span class='ocr_line' id='line_1_5' title="bbox 256 956 1432 1054; baseline -0.003 -22"><span class='ocrx_word' id='word_1_30' title='bbox 256 956 420 1054; x_wconf 81' lang='lat' dir='ltr'>relinquit.</span> <span class='ocrx_word' id='word_1_31' title='bbox 468 966 548 1051; x_wconf 86' lang='grc'>(68.)</span> <span class='ocrx_word' id='word_1_32' title='bbox 570 965 745 1028; x_wconf 89' lang='lat' dir='ltr'>Praeterea</span> <span class='ocrx_word' id='word_1_33' title='bbox 767 985 841 1026; x_wconf 91' lang='lat' dir='ltr'>cum</span> <span class='ocrx_word' id='word_1_34' title='bbox 864 985 980 1049; x_wconf 90' lang='lat' dir='ltr'>corpus</span> <span class='ocrx_word' id='word_1_35' title='bbox 1002 964 1199 1029; x_wconf 87' lang='lat' dir='ltr'>motionibus</span> <span class='ocrx_word' id='word_1_36' title='bbox 1223 965 1257 1027; x_wconf 88' lang='lat' dir='ltr'>in</span> <span class='ocrx_word' id='word_1_37' title='bbox 1278 964 1432 1028; x_wconf 88' lang='lat' dir='ltr'>ambula-</span> 
     </span>
    </p>

    <p class='ocr_par' dir='ltr' id='par_1_3' title="bbox 226 1081 1437 1641">
     <span class='ocr_line' id='line_1_6' title="bbox 226 1081 1434 1166; baseline -0.002 -19"><span class='ocrx_word' id='word_1_38' title='bbox 226 1109 238 1147; x_wconf 84' lang='lat' dir='ltr'>s</span> <span class='ocrx_word' id='word_1_39' title='bbox 256 1087 345 1150; x_wconf 90' lang='lat' dir='ltr'>tione</span> <span class='ocrx_word' id='word_1_40' title='bbox 367 1083 525 1166; x_wconf 89' lang='lat' dir='ltr'>calescat,</span> <span class='ocrx_word' id='word_1_41' title='bbox 549 1084 701 1147; x_wconf 90' lang='lat' dir='ltr'>humores</span> <span class='ocrx_word' id='word_1_42' title='bbox 725 1105 767 1146; x_wconf 93' lang='lat' dir='ltr'>ex</span> <span class='ocrx_word' id='word_1_43' title='bbox 791 1081 945 1146; x_wconf 84' lang='lat' dir='ltr'>membris</span> <span class='ocrx_word' id='word_1_44' title='bbox 971 1090 1027 1146; x_wconf 79' lang='lat' dir='ltr'>ae‘r</span> <span class='ocrx_word' id='word_1_45' title='bbox 1049 1081 1241 1166; x_wconf 83' lang='lat' dir='ltr'>exsugendo</span> <span class='ocrx_word' id='word_1_46' title='bbox 1263 1083 1434 1146; x_wconf 80' lang='lat' dir='ltr'>imminuit</span> 
     </span>
     <span class='ocr_line' id='line_1_7' title="bbox 257 1198 1434 1288; baseline -0.003 -21"><span class='ocrx_word' id='word_1_47' title='bbox 257 1203 446 1288; x_wconf 91' lang='lat' dir='ltr'>plenitates,</span> <span class='ocrx_word' id='word_1_48' title='bbox 470 1208 690 1286; x_wconf 85' lang='lat' dir='ltr'>extenuatque</span> <span class='ocrx_word' id='word_1_49' title='bbox 713 1199 903 1285; x_wconf 88' lang='lat' dir='ltr'>dissipando</span> <span class='ocrx_word' id='word_1_50' title='bbox 922 1198 1009 1285; x_wconf 89' lang='lat' dir='ltr'>quod</span> <span class='ocrx_word' id='word_1_51' title='bbox 1024 1198 1098 1285; x_wconf 93' lang='lat' dir='ltr'>plus</span> <span class='ocrx_word' id='word_1_52' title='bbox 1116 1201 1217 1282; x_wconf 86' lang='lat' dir='ltr'>inest,</span> <span class='ocrx_word' id='word_1_53' title='bbox 1240 1222 1338 1286; x_wconf 90' lang='lat' dir='ltr'>quam</span> <span class='ocrx_word' id='word_1_54' title='bbox 1358 1223 1434 1264; x_wconf 87' lang='lat' dir='ltr'>cor-</span> 
     </span>
     <span class='ocr_line' id='line_1_8' title="bbox 257 1317 1437 1408; baseline -0.003 -24"><span class='ocrx_word' id='word_1_55' title='bbox 257 1343 317 1408; x_wconf 88' lang='lat' dir='ltr'>pus</span> <span class='ocrx_word' id='word_1_56' title='bbox 343 1328 450 1406; x_wconf 88' lang='lat' dir='ltr'>potcst</span> <span class='ocrx_word' id='word_1_57' title='bbox 477 1321 648 1384; x_wconf 88' lang='lat' dir='ltr'>sustinere.</span> <span class='ocrx_word' id='word_1_58' title='bbox 695 1322 723 1383; x_wconf 89' lang='grc'>6.</span> <span class='ocrx_word' id='word_1_59' title='bbox 758 1318 831 1382; x_wconf 94' lang='lat' dir='ltr'>Hoc</span> <span class='ocrx_word' id='word_1_60' title='bbox 864 1327 972 1382; x_wconf 88' lang='lat' dir='ltr'>autem</span> <span class='ocrx_word' id='word_1_61' title='bbox 1007 1318 1053 1380; x_wconf 91' lang='lat' dir='ltr'>ita</span> <span class='ocrx_word' id='word_1_62' title='bbox 1083 1339 1172 1400; x_wconf 87' lang='lat' dir='ltr'>esse,</span> <span class='ocrx_word' id='word_1_63' title='bbox 1207 1339 1249 1380; x_wconf 91' lang='lat' dir='ltr'>ex</span> <span class='ocrx_word' id='word_1_64' title='bbox 1282 1340 1319 1380; x_wconf 91' lang='lat' dir='ltr'>eo</span> <span class='ocrx_word' id='word_1_65' title='bbox 1350 1317 1437 1382; x_wconf 88' lang='lat' dir='ltr'>licet</span> 
     </span>
     <span class='ocr_line' id='line_1_9' title="bbox 259 1436 1436 1523; baseline -0.002 -21"><span class='ocrx_word' id='word_1_66' title='bbox 259 1437 537 1519; x_wconf 87' lang='lat' dir='ltr'>animadvertere,</span> <span class='ocrx_word' id='word_1_67' title='bbox 560 1436 646 1523; x_wconf 92' lang='lat' dir='ltr'>quod</span> <span class='ocrx_word' id='word_1_68' title='bbox 667 1436 727 1500; x_wconf 89' lang='lat' dir='ltr'>sub</span> <span class='ocrx_word' id='word_1_69' title='bbox 748 1437 843 1500; x_wconf 90' lang='lat' dir='ltr'>tectis</span> <span class='ocrx_word' id='word_1_70' title='bbox 864 1458 936 1499; x_wconf 90' lang='lat' dir='ltr'>cum</span> <span class='ocrx_word' id='word_1_71' title='bbox 959 1437 1025 1499; x_wconf 91' lang='lat' dir='ltr'>sint</span> <span class='ocrx_word' id='word_1_72' title='bbox 1046 1457 1205 1522; x_wconf 87' lang='lat' dir='ltr'>aquarum</span> <span class='ocrx_word' id='word_1_73' title='bbox 1224 1436 1346 1518; x_wconf 89' lang='lat' dir='ltr'>fontes,</span> <span class='ocrx_word' id='word_1_74' title='bbox 1371 1446 1436 1500; x_wconf 86' lang='lat' dir='ltr'>aut</span> 
     </span>
     <span class='ocr_line' id='line_1_10' title="bbox 259 1553 1436 1641; baseline -0.004 -20"><span class='ocrx_word' id='word_1_75' title='bbox 259 1559 356 1622; x_wconf 88' lang='lat' dir='ltr'>etiam</span> <span class='ocrx_word' id='word_1_76' title='bbox 379 1555 439 1620; x_wconf 91' lang='lat' dir='ltr'>sub</span> <span class='ocrx_word' id='word_1_77' title='bbox 462 1563 550 1618; x_wconf 86' lang='lat' dir='ltr'>terra</span> <span class='ocrx_word' id='word_1_78' title='bbox 571 1554 726 1641; x_wconf 83' lang='lat' dir='ltr'>palustris</span> <span class='ocrx_word' id='word_1_79' title='bbox 746 1554 964 1639; x_wconf 87' lang='lat' dir='ltr'>abundantia,</span> <span class='ocrx_word' id='word_1_80' title='bbox 987 1575 1030 1616; x_wconf 92' lang='lat' dir='ltr'>ex</span> <span class='ocrx_word' id='word_1_81' title='bbox 1050 1553 1101 1616; x_wconf 93' lang='lat' dir='ltr'>his</span> <span class='ocrx_word' id='word_1_82' title='bbox 1123 1553 1232 1617; x_wconf 92' lang='lat' dir='ltr'>nullus</span> <span class='ocrx_word' id='word_1_83' title='bbox 1248 1555 1354 1637; x_wconf 83' lang='lat' dir='ltr'>surgit</span> <span class='ocrx_word' id='word_1_84' title='bbox 1370 1553 1436 1616; x_wconf 94' lang='lat' dir='ltr'>hu-</span> 
     </span>
    </p>

    <p class='ocr_par' dir='ltr' id='par_1_4' title="bbox 218 1671 1478 2231">
     <span class='ocr_line' id='line_1_11' title="bbox 218 1671 1438 1757; baseline -0.002 -19"><span class='ocrx_word' id='word_1_85' title='bbox 218 1699 242 1738; x_wconf 89' lang='lat'>10</span> <span class='ocrx_word' id='word_1_86' title='bbox 259 1697 329 1740; x_wconf 92' lang='lat' dir='ltr'>mor</span> <span class='ocrx_word' id='word_1_87' title='bbox 357 1672 550 1755; x_wconf 74' lang='lat' dir='ltr'>nebulosuS,</span> <span class='ocrx_word' id='word_1_88' title='bbox 583 1672 641 1735; x_wconf 90' lang='lat' dir='ltr'>sed</span> <span class='ocrx_word' id='word_1_89' title='bbox 669 1672 704 1734; x_wconf 92' lang='lat' dir='ltr'>in</span> <span class='ocrx_word' id='word_1_90' title='bbox 731 1672 853 1757; x_wconf 89' lang='lat' dir='ltr'>apertis</span> <span class='ocrx_word' id='word_1_91' title='bbox 881 1671 1135 1757; x_wconf 86' lang='lat' dir='ltr'>hypaethrisque</span> <span class='ocrx_word' id='word_1_92' title='bbox 1167 1672 1247 1734; x_wconf 89' lang='lat' dir='ltr'>locis</span> <span class='ocrx_word' id='word_1_93' title='bbox 1278 1694 1351 1735; x_wconf 92' lang='lat' dir='ltr'>cum</span> <span class='ocrx_word' id='word_1_94' title='bbox 1381 1672 1438 1735; x_wconf 91' lang='lat' dir='ltr'>sol</span> 
     </span>
     <span class='ocr_line' id='line_1_12' title="bbox 259 1773 1436 1877; baseline -0.004 -20"><span class='ocrx_word' id='word_1_95' title='bbox 259 1795 367 1857; x_wconf 86' lang='lat' dir='ltr'>oriens</span> <span class='ocrx_word' id='word_1_96' title='bbox 389 1812 511 1877; x_wconf 85' lang='lat' dir='ltr'>vapore</span> <span class='ocrx_word' id='word_1_97' title='bbox 526 1797 641 1874; x_wconf 84' lang='lat' dir='ltr'>tangat</span> <span class='ocrx_word' id='word_1_98' title='bbox 662 1773 837 1867; x_wconf 83' lang='lat' dir='ltr'>mundum,</span> <span class='ocrx_word' id='word_1_99' title='bbox 860 1811 903 1854; x_wconf 89' lang='lat' dir='ltr'>ex</span> <span class='ocrx_word' id='word_1_100' title='bbox 915 1789 1057 1852; x_wconf 88' lang='lat' dir='ltr'>humidis</span> <span class='ocrx_word' id='word_1_101' title='bbox 1072 1797 1103 1852; x_wconf 91' lang='lat' dir='ltr'>et</span> <span class='ocrx_word' id='word_1_102' title='bbox 1116 1788 1359 1853; x_wconf 86' lang='lat' dir='ltr'>abundantibus</span> <span class='ocrx_word' id='word_1_103' title='bbox 1374 1812 1436 1852; x_wconf 87' lang='lat' dir='ltr'>ex-</span> 
     </span>
     <span class='ocr_line' id='line_1_13' title="bbox 260 1906 1436 1992; baseline -0.002 -18"><span class='ocrx_word' id='word_1_104' title='bbox 260 1913 339 1974; x_wconf 88' lang='lat' dir='ltr'>citat</span> <span class='ocrx_word' id='word_1_105' title='bbox 355 1910 526 1989; x_wconf 87' lang='lat' dir='ltr'>humores,</span> <span class='ocrx_word' id='word_1_106' title='bbox 554 1916 586 1971; x_wconf 88' lang='lat' dir='ltr'>et</span> <span class='ocrx_word' id='word_1_107' title='bbox 608 1931 663 1972; x_wconf 90' lang='lat' dir='ltr'>eos</span> <span class='ocrx_word' id='word_1_108' title='bbox 686 1906 899 1991; x_wconf 84' lang='lat' dir='ltr'>conglobatos</span> <span class='ocrx_word' id='word_1_109' title='bbox 920 1909 954 1970; x_wconf 92' lang='lat' dir='ltr'>in</span> <span class='ocrx_word' id='word_1_110' title='bbox 976 1906 1183 1970; x_wconf 85' lang='lat' dir='ltr'>altitudinem</span> <span class='ocrx_word' id='word_1_111' title='bbox 1198 1907 1293 1972; x_wconf 91' lang='lat' dir='ltr'>tollit.</span> <span class='ocrx_word' id='word_1_112' title='bbox 1338 1907 1436 1992; x_wconf 82' lang='lat' dir='ltr'>Ergo</span> 
     </span>
     <span class='ocr_line' id='line_1_14' title="bbox 261 2023 1478 2109; baseline -0.001 -18"><span class='ocrx_word' id='word_1_113' title='bbox 261 2029 289 2092; x_wconf 89' lang='lat' dir='ltr'>si</span> <span class='ocrx_word' id='word_1_114' title='bbox 316 2029 363 2090; x_wconf 89' lang='lat' dir='ltr'>ita</span> <span class='ocrx_word' id='word_1_115' title='bbox 391 2025 540 2107; x_wconf 90' lang='lat' dir='ltr'>videtur,</span> <span class='ocrx_word' id='word_1_116' title='bbox 568 2026 617 2088; x_wconf 91' lang='lat' dir='ltr'>uti</span> <span class='ocrx_word' id='word_1_117' title='bbox 646 2027 681 2087; x_wconf 92' lang='lat' dir='ltr'>in</span> <span class='ocrx_word' id='word_1_118' title='bbox 713 2023 902 2109; x_wconf 85' lang='lat' dir='ltr'>hypaethris</span> <span class='ocrx_word' id='word_1_119' title='bbox 933 2025 1013 2090; x_wconf 89' lang='lat' dir='ltr'>locis</span> <span class='ocrx_word' id='word_1_120' title='bbox 1041 2025 1082 2089; x_wconf 89' lang='lat' dir='ltr'>ab</span> <span class='ocrx_word' id='word_1_121' title='bbox 1114 2033 1190 2089; x_wconf 78' lang='lat' dir='ltr'>ae&#39;re</span> <span class='ocrx_word' id='word_1_122' title='bbox 1213 2024 1365 2089; x_wconf 90' lang='lat' dir='ltr'>humores</span> <span class='ocrx_word' id='word_1_123' title='bbox 1389 2050 1437 2090; x_wconf 88' lang='lat' dir='ltr'>ex</span> <span class='ocrx_word' id='word_1_124' title='bbox 1470 2069 1478 2076; x_wconf 86' lang='lat'>-</span> 
     </span>
     <span class='ocr_line' id='line_1_15' title="bbox 261 2140 1436 2231; baseline 0 -23"><span class='ocrx_word' id='word_1_125' title='bbox 261 2143 451 2231; x_wconf 89' lang='lat' dir='ltr'>corporibus</span> <span class='ocrx_word' id='word_1_126' title='bbox 486 2150 689 2226; x_wconf 83' lang='lat' dir='ltr'>exsugantur</span> <span class='ocrx_word' id='word_1_127' title='bbox 721 2140 938 2224; x_wconf 84' lang='lat' dir='ltr'>molestiores,</span> <span class='ocrx_word' id='word_1_128' title='bbox 968 2144 1238 2228; x_wconf 88' lang='lat' dir='ltr'>quemadmodum</span> <span class='ocrx_word' id='word_1_129' title='bbox 1271 2166 1314 2207; x_wconf 90' lang='lat' dir='ltr'>ex</span> <span class='ocrx_word' id='word_1_130' title='bbox 1342 2153 1436 2208; x_wconf 87' lang='lat' dir='ltr'>terra</span> 
     </span>
    </p>

    <p class='ocr_par' dir='ltr' id='par_1_5' title="bbox 218 2260 1435 2562">
     <span class='ocr_line' id='line_1_16' title="bbox 218 2260 1435 2348; baseline 0.002 -26"><span class='ocrx_word' id='word_1_131' title='bbox 218 2282 243 2323; x_wconf 82' lang='lat'>15</span> <span class='ocrx_word' id='word_1_132' title='bbox 260 2285 320 2348; x_wconf 94' lang='lat' dir='ltr'>per</span> <span class='ocrx_word' id='word_1_133' title='bbox 340 2260 478 2325; x_wconf 90' lang='lat' dir='ltr'>nebulas</span> <span class='ocrx_word' id='word_1_134' title='bbox 499 2260 670 2343; x_wconf 83' lang='lat' dir='ltr'>videntur,</span> <span class='ocrx_word' id='word_1_135' title='bbox 696 2283 762 2324; x_wconf 92' lang='lat' dir='ltr'>non</span> <span class='ocrx_word' id='word_1_136' title='bbox 789 2268 868 2346; x_wconf 88' lang='lat' dir='ltr'>puto</span> <span class='ocrx_word' id='word_1_137' title='bbox 898 2261 1033 2324; x_wconf 89' lang='lat' dir='ltr'>dubium</span> <span class='ocrx_word' id='word_1_138' title='bbox 1058 2284 1145 2344; x_wconf 89' lang='lat' dir='ltr'>esse,</span> <span class='ocrx_word' id='word_1_139' title='bbox 1169 2262 1247 2346; x_wconf 90' lang='lat' dir='ltr'>quin</span> <span class='ocrx_word' id='word_1_140' title='bbox 1267 2261 1435 2347; x_wconf 88' lang='lat' dir='ltr'>amplissi-</span> 
     </span>
     <span class='ocr_line' id='line_1_17' title="bbox 260 2377 1435 2466; baseline 0.002 -24"><span class='ocrx_word' id='word_1_141' title='bbox 260 2402 330 2443; x_wconf 88' lang='lat' dir='ltr'>mas</span> <span class='ocrx_word' id='word_1_142' title='bbox 351 2386 384 2442; x_wconf 87' lang='lat' dir='ltr'>et</span> <span class='ocrx_word' id='word_1_143' title='bbox 406 2379 633 2442; x_wconf 87' lang='lat' dir='ltr'>ornatissimas</span> <span class='ocrx_word' id='word_1_144' title='bbox 657 2378 717 2449; x_wconf 89' lang='lat' dir='ltr'>sub</span> <span class='ocrx_word' id='word_1_145' title='bbox 735 2377 811 2442; x_wconf 90' lang='lat' dir='ltr'>divo</span> <span class='ocrx_word' id='word_1_146' title='bbox 830 2377 1092 2464; x_wconf 85' lang='lat' dir='ltr'>hypaethrasque</span> <span class='ocrx_word' id='word_1_147' title='bbox 1108 2377 1259 2444; x_wconf 85' lang='lat' dir='ltr'>collocari</span> <span class='ocrx_word' id='word_1_148' title='bbox 1282 2388 1435 2466; x_wconf 87' lang='lat' dir='ltr'>oporteat</span> 
     </span>
     <span class='ocr_line' id='line_1_18' title="bbox 260 2496 771 2562; baseline -0.006 -1"><span class='ocrx_word' id='word_1_149' title='bbox 260 2500 295 2561; x_wconf 92' lang='lat' dir='ltr'>in</span> <span class='ocrx_word' id='word_1_150' title='bbox 315 2496 504 2562; x_wconf 88' lang='lat' dir='ltr'>civitatibus</span> <span class='ocrx_word' id='word_1_151' title='bbox 523 2496 771 2561; x_wconf 87' lang='lat' dir='ltr'>ambulationes.</span> 
     </span>
    </p>
   </div>
   <div class='ocr_carea' id='block_1_3' title="bbox 218 2733 1435 3056">
    <p class='ocr_par' dir='ltr' id='par_1_6' title="bbox 218 2733 1435 3056">
     <span class='ocr_line' id='line_1_19' title="bbox 348 2733 1433 2818; baseline 0.002 -23"><span class='ocrx_word' id='word_1_152' title='bbox 348 2738 378 2796; x_wconf 85' lang='lat'>7.</span> <span class='ocrx_word' id='word_1_153' title='bbox 403 2733 486 2817; x_wconf 87' lang='grc'>(69.)</span> <span class='ocrx_word' id='word_1_154' title='bbox 509 2733 582 2795; x_wconf 91' lang='lat' dir='ltr'>Hae</span> <span class='ocrx_word' id='word_1_155' title='bbox 605 2740 714 2794; x_wconf 89' lang='lat' dir='ltr'>autem</span> <span class='ocrx_word' id='word_1_156' title='bbox 736 2733 785 2795; x_wconf 91' lang='lat' dir='ltr'>uti</span> <span class='ocrx_word' id='word_1_157' title='bbox 807 2733 873 2796; x_wconf 89' lang='lat' dir='ltr'>sint</span> <span class='ocrx_word' id='word_1_158' title='bbox 892 2753 1022 2818; x_wconf 89' lang='lat' dir='ltr'>semper</span> <span class='ocrx_word' id='word_1_159' title='bbox 1039 2733 1145 2795; x_wconf 85' lang='lat' dir='ltr'>siccae</span> <span class='ocrx_word' id='word_1_160' title='bbox 1163 2741 1195 2795; x_wconf 90' lang='lat' dir='ltr'>et</span> <span class='ocrx_word' id='word_1_161' title='bbox 1212 2754 1278 2800; x_wconf 87' lang='lat' dir='ltr'>uon</span> <span class='ocrx_word' id='word_1_162' title='bbox 1293 2733 1433 2818; x_wconf 83' lang='lat' dir='ltr'>lutosae,</span> 
     </span>
     <span class='ocr_line' id='line_1_20' title="bbox 263 2848 1435 2936; baseline 0.003 -24"><span class='ocrx_word' id='word_1_163' title='bbox 263 2851 310 2913; x_wconf 93' lang='lat' dir='ltr'>sic</span> <span class='ocrx_word' id='word_1_164' title='bbox 329 2852 390 2913; x_wconf 88' lang='lat' dir='ltr'>erit</span> <span class='ocrx_word' id='word_1_165' title='bbox 404 2849 601 2913; x_wconf 86' lang='lat' dir='ltr'>faciendum.</span> <span class='ocrx_word' id='word_1_166' title='bbox 644 2848 827 2913; x_wconf 85' lang='lat' dir='ltr'>Fodiantur</span> <span class='ocrx_word' id='word_1_167' title='bbox 844 2859 875 2912; x_wconf 89' lang='lat' dir='ltr'>et</span> <span class='ocrx_word' id='word_1_168' title='bbox 892 2852 1123 2913; x_wconf 88' lang='lat' dir='ltr'>exinaniantur</span> <span class='ocrx_word' id='word_1_169' title='bbox 1138 2871 1235 2936; x_wconf 88' lang='lat' dir='ltr'>quam</span> <span class='ocrx_word' id='word_1_170' title='bbox 1255 2850 1435 2934; x_wconf 71' lang='lat' dir='ltr'>altissime,</span> 
     </span>
     <span class='ocr_line' id='line_1_21' title="bbox 218 2966 1434 3056; baseline 0.004 -28"><span class='ocrx_word' id='word_1_171' title='bbox 218 2989 244 3030; x_wconf 78' lang='lat' dir='ltr'>ro</span> <span class='ocrx_word' id='word_1_172' title='bbox 263 2966 379 3030; x_wconf 88' lang='lat' dir='ltr'>dextra</span> <span class='ocrx_word' id='word_1_173' title='bbox 399 2987 437 3028; x_wconf 91' lang='lat' dir='ltr'>ac</span> <span class='ocrx_word' id='word_1_174' title='bbox 460 2967 593 3029; x_wconf 86' lang='lat' dir='ltr'>sinistra</span> <span class='ocrx_word' id='word_1_175' title='bbox 620 2967 783 3030; x_wconf 89' lang='lat' dir='ltr'>structiles</span> <span class='ocrx_word' id='word_1_176' title='bbox 809 2966 938 3030; x_wconf 89' lang='lat' dir='ltr'>cloacae</span> <span class='ocrx_word' id='word_1_177' title='bbox 959 2967 1054 3050; x_wconf 90' lang='lat' dir='ltr'>fiant,</span> <span class='ocrx_word' id='word_1_178' title='bbox 1077 2968 1176 3054; x_wconf 90' lang='lat' dir='ltr'>inque</span> <span class='ocrx_word' id='word_1_179' title='bbox 1200 2990 1310 3032; x_wconf 88' lang='lat' dir='ltr'>earum</span> <span class='ocrx_word' id='word_1_180' title='bbox 1326 2972 1434 3056; x_wconf 87' lang='lat' dir='ltr'>parie-</span> 
     </span>
    </p>
   </div>
   <div class='ocr_carea' id='block_1_4' title="bbox 260 3082 1434 3170">
    <p class='ocr_par' dir='ltr' id='par_1_7' title="bbox 260 3082 1434 3170">
     <span class='ocr_line' id='line_1_22' title="bbox 260 3082 1434 3170; baseline 0.004 -24"><span class='ocrx_word' id='word_1_181' title='bbox 260 3082 367 3164; x_wconf 90' lang='lat' dir='ltr'>tibus,</span> <span class='ocrx_word' id='word_1_182' title='bbox 396 3083 452 3168; x_wconf 88' lang='lat' dir='ltr'>qui</span> <span class='ocrx_word' id='word_1_183' title='bbox 480 3082 522 3146; x_wconf 90' lang='lat' dir='ltr'>ad</span> <span class='ocrx_word' id='word_1_184' title='bbox 546 3083 800 3149; x_wconf 88' lang='lat' dir='ltr'>ambulationem</span> <span class='ocrx_word' id='word_1_185' title='bbox 827 3086 1061 3170; x_wconf 84' lang='lat' dir='ltr'>spectaverint,</span> <span class='ocrx_word' id='word_1_186' title='bbox 1093 3084 1199 3148; x_wconf 91' lang='lat' dir='ltr'>tubuli</span> <span class='ocrx_word' id='word_1_187' title='bbox 1227 3087 1434 3151; x_wconf 89' lang='lat' dir='ltr'>instruantur</span> 
     </span>
    </p>
   </div>
   <div class='ocr_carea' id='block_1_5' title="bbox 218 3199 1436 3643">
    <p class='ocr_par' dir='ltr' id='par_1_8' title="bbox 218 3199 1436 3643">
     <span class='ocr_line' id='line_1_23' title="bbox 261 3199 1436 3289; baseline 0.004 -25"><span class='ocrx_word' id='word_1_188' title='bbox 261 3201 410 3264; x_wconf 87' lang='lat' dir='ltr'>inclinati</span> <span class='ocrx_word' id='word_1_189' title='bbox 442 3199 574 3284; x_wconf 83' lang='lat' dir='ltr'>fastigio</span> <span class='ocrx_word' id='word_1_190' title='bbox 607 3201 641 3263; x_wconf 89' lang='lat' dir='ltr'>in</span> <span class='ocrx_word' id='word_1_191' title='bbox 675 3201 813 3266; x_wconf 87' lang='lat' dir='ltr'>cloacas.</span> <span class='ocrx_word' id='word_1_192' title='bbox 863 3201 925 3265; x_wconf 88' lang='lat' dir='ltr'>His</span> <span class='ocrx_word' id='word_1_193' title='bbox 955 3203 1110 3288; x_wconf 86' lang='lat' dir='ltr'>perfectis</span> <span class='ocrx_word' id='word_1_194' title='bbox 1140 3204 1378 3289; x_wconf 70' lang='lat' dir='ltr'>compleantur⁸</span> <span class='ocrx_word' id='word_1_195' title='bbox 1396 3230 1436 3270; x_wconf 89' lang='lat' dir='ltr'>ea</span> 
     </span>
     <span class='ocr_line' id='line_1_24' title="bbox 261 3317 1433 3406; baseline 0.004 -24"><span class='ocrx_word' id='word_1_196' title='bbox 261 3319 334 3382; x_wconf 92' lang='lat' dir='ltr'>loca</span> <span class='ocrx_word' id='word_1_197' title='bbox 363 3317 576 3400; x_wconf 88' lang='lat' dir='ltr'>carbonibus,</span> <span class='ocrx_word' id='word_1_198' title='bbox 603 3318 721 3382; x_wconf 91' lang='lat' dir='ltr'>deinde</span> <span class='ocrx_word' id='word_1_199' title='bbox 754 3321 887 3406; x_wconf 86' lang='lat' dir='ltr'>insuper</span> <span class='ocrx_word' id='word_1_200' title='bbox 916 3320 1072 3384; x_wconf 87' lang='lat' dir='ltr'>sabulone</span> <span class='ocrx_word' id='word_1_201' title='bbox 1102 3321 1162 3384; x_wconf 92' lang='lat' dir='ltr'>hae</span> <span class='ocrx_word' id='word_1_202' title='bbox 1191 3320 1433 3387; x_wconf 87' lang='lat' dir='ltr'>ambulationes</span> 
     </span>
     <span class='ocr_line' id='line_1_25' title="bbox 263 3440 1433 3526; baseline 0.002 -24"><span class='ocrx_word' id='word_1_203' title='bbox 263 3445 449 3502; x_wconf 87' lang='lat' dir='ltr'>sternantur</span> <span class='ocrx_word' id='word_1_204' title='bbox 482 3445 514 3500; x_wconf 89' lang='lat' dir='ltr'>et</span> <span class='ocrx_word' id='word_1_205' title='bbox 548 3449 786 3524; x_wconf 89' lang='lat' dir='ltr'>exaequentur:</span> <span class='ocrx_word' id='word_1_206' title='bbox 820 3441 867 3502; x_wconf 91' lang='lat' dir='ltr'>ita</span> <span class='ocrx_word' id='word_1_207' title='bbox 894 3447 1027 3526; x_wconf 89' lang='lat' dir='ltr'>propter</span> <span class='ocrx_word' id='word_1_208' title='bbox 1055 3440 1233 3505; x_wconf 87' lang='lat' dir='ltr'>carbonum</span> <span class='ocrx_word' id='word_1_209' title='bbox 1262 3441 1433 3504; x_wconf 87' lang='lat' dir='ltr'>raritatem</span> 
     </span>
     <span class='ocr_line' id='line_1_26' title="bbox 218 3554 1433 3643; baseline 0.004 -26"><span class='ocrx_word' id='word_1_210' title='bbox 218 3576 245 3617; x_wconf 82' lang='lat' dir='ltr'>rs</span> <span class='ocrx_word' id='word_1_211' title='bbox 263 3554 444 3621; x_wconf 89' lang='lat' dir='ltr'>naturalem</span> <span class='ocrx_word' id='word_1_212' title='bbox 471 3563 503 3618; x_wconf 89' lang='lat' dir='ltr'>et</span> <span class='ocrx_word' id='word_1_213' title='bbox 530 3555 718 3619; x_wconf 91' lang='lat' dir='ltr'>tubulorum</span> <span class='ocrx_word' id='word_1_214' title='bbox 745 3559 779 3621; x_wconf 92' lang='lat' dir='ltr'>in</span> <span class='ocrx_word' id='word_1_215' title='bbox 808 3558 936 3621; x_wconf 88' lang='lat' dir='ltr'>cloacas</span> <span class='ocrx_word' id='word_1_216' title='bbox 957 3558 1204 3622; x_wconf 89' lang='lat' dir='ltr'>instructionem</span> <span class='ocrx_word' id='word_1_217' title='bbox 1225 3558 1433 3643; x_wconf 90' lang='lat' dir='ltr'>excipientur</span> 
     </span>
    </p>
   </div>
   <div class='ocr_carea' id='block_1_6' title="bbox 262 3667 1434 3854">
    <p class='ocr_par' dir='ltr' id='par_1_9' title="bbox 262 3667 1434 3854">
     <span class='ocr_line' id='line_1_27' title="bbox 262 3667 1434 3761; baseline 0.004 -25"><span class='ocrx_word' id='word_1_218' title='bbox 262 3667 422 3759; x_wconf 78' lang='lat' dir='ltr'>aquarum</span> <span class='ocrx_word' id='word_1_219' title='bbox 441 3671 679 3757; x_wconf 80' lang='lat' dir='ltr'>abundantiae3</span> <span class='ocrx_word' id='word_1_220' title='bbox 709 3685 740 3740; x_wconf 91' lang='lat' dir='ltr'>et</span> <span class='ocrx_word' id='word_1_221' title='bbox 762 3677 808 3738; x_wconf 89' lang='lat' dir='ltr'>ita</span> <span class='ocrx_word' id='word_1_222' title='bbox 830 3677 937 3740; x_wconf 89' lang='lat' dir='ltr'>siccae</span> <span class='ocrx_word' id='word_1_223' title='bbox 965 3685 997 3740; x_wconf 90' lang='lat' dir='ltr'>et</span> <span class='ocrx_word' id='word_1_224' title='bbox 1017 3677 1088 3740; x_wconf 91' lang='lat' dir='ltr'>sine</span> <span class='ocrx_word' id='word_1_225' title='bbox 1109 3677 1243 3742; x_wconf 90' lang='lat' dir='ltr'>humore</span> <span class='ocrx_word' id='word_1_226' title='bbox 1265 3675 1434 3761; x_wconf 85' lang='lat' dir='ltr'>perfectae</span> 
     </span>
     <span class='ocr_line' id='line_1_28' title="bbox 263 3788 656 3854; baseline -0.003 0"><span class='ocrx_word' id='word_1_227' title='bbox 263 3791 385 3854; x_wconf 85' lang='lat' dir='ltr'>fuerint</span> <span class='ocrx_word' id='word_1_228' title='bbox 407 3788 656 3854; x_wconf 88' lang='lat' dir='ltr'>ambulationes.</span> 
     </span>
    </p>
   </div>
   <div class='ocr_carea' id='block_1_7' title="bbox 220 4029 1435 4472">
    <p class='ocr_par' dir='ltr' id='par_1_10' title="bbox 350 4029 1435 4116">
     <span class='ocr_line' id='line_1_29' title="bbox 350 4029 1435 4116; baseline 0.003 -25"><span class='ocrx_word' id='word_1_229' title='bbox 350 4030 380 4092; x_wconf 87' lang='lat'>8.</span> <span class='ocrx_word' id='word_1_230' title='bbox 405 4029 486 4116; x_wconf 88' lang='grc'>(70.)</span> <span class='ocrx_word' id='word_1_231' title='bbox 508 4029 683 4094; x_wconf 87' lang='lat' dir='ltr'>Praeterea</span> <span class='ocrx_word' id='word_1_232' title='bbox 711 4031 745 4092; x_wconf 92' lang='lat' dir='ltr'>in</span> <span class='ocrx_word' id='word_1_233' title='bbox 772 4029 823 4092; x_wconf 91' lang='lat' dir='ltr'>his</span> <span class='ocrx_word' id='word_1_234' title='bbox 845 4030 997 4116; x_wconf 88' lang='lat' dir='ltr'>operibus</span> <span class='ocrx_word' id='word_1_235' title='bbox 1019 4031 1165 4096; x_wconf 86' lang='lat' dir='ltr'>thesauri</span> <span class='ocrx_word' id='word_1_236' title='bbox 1191 4039 1267 4094; x_wconf 89' lang='lat' dir='ltr'>sunt</span> <span class='ocrx_word' id='word_1_237' title='bbox 1291 4031 1435 4095; x_wconf 86' lang='lat' dir='ltr'>civitati-</span> 
     </span>
    </p>

    <p class='ocr_par' dir='ltr' id='par_1_11' title="bbox 220 4146 1435 4472">
     <span class='ocr_line' id='line_1_30' title="bbox 262 4146 1434 4231; baseline 0.002 -21"><span class='ocrx_word' id='word_1_238' title='bbox 262 4147 325 4210; x_wconf 89' lang='lat' dir='ltr'>bus</span> <span class='ocrx_word' id='word_1_239' title='bbox 355 4147 390 4209; x_wconf 92' lang='lat' dir='ltr'>in</span> <span class='ocrx_word' id='word_1_240' title='bbox 416 4147 611 4210; x_wconf 89' lang='lat' dir='ltr'>necessariis</span> <span class='ocrx_word' id='word_1_241' title='bbox 642 4146 741 4210; x_wconf 89' lang='lat' dir='ltr'>rebus</span> <span class='ocrx_word' id='word_1_242' title='bbox 770 4170 790 4210; x_wconf 90' lang='lat' dir='ltr'>a</span> <span class='ocrx_word' id='word_1_243' title='bbox 818 4149 997 4213; x_wconf 89' lang='lat' dir='ltr'>maioribus</span> <span class='ocrx_word' id='word_1_244' title='bbox 1025 4150 1210 4231; x_wconf 87' lang='lat' dir='ltr'>constituti;</span> <span class='ocrx_word' id='word_1_245' title='bbox 1239 4151 1274 4213; x_wconf 93' lang='lat' dir='ltr'>in</span> <span class='ocrx_word' id='word_1_246' title='bbox 1301 4149 1434 4213; x_wconf 86' lang='lat' dir='ltr'>conclu-</span> 
     </span>
     <span class='ocr_line' id='line_1_31' title="bbox 220 4259 1435 4354; baseline 0.009 -33"><span class='ocrx_word' id='word_1_247' title='bbox 220 4264 411 4328; x_wconf 79' lang='lat' dir='ltr'>arsionibus</span> <span class='ocrx_word' id='word_1_248' title='bbox 442 4266 528 4328; x_wconf 90' lang='lat' dir='ltr'>enim</span> <span class='ocrx_word' id='word_1_249' title='bbox 552 4265 671 4350; x_wconf 89' lang='lat' dir='ltr'>reliqui</span> <span class='ocrx_word' id='word_1_250' title='bbox 694 4285 805 4328; x_wconf 91' lang='lat' dir='ltr'>omnes</span> <span class='ocrx_word' id='word_1_251' title='bbox 830 4259 993 4333; x_wconf 85' lang='lat' dir='ltr'>faciliores</span> <span class='ocrx_word' id='word_1_252' title='bbox 1020 4277 1096 4332; x_wconf 90' lang='lat' dir='ltr'>sunt</span> <span class='ocrx_word' id='word_1_253' title='bbox 1118 4275 1311 4354; x_wconf 86' lang='lat' dir='ltr'>apparatus,</span> <span class='ocrx_word' id='word_1_254' title='bbox 1334 4290 1435 4353; x_wconf 91' lang='lat' dir='ltr'>quam</span> 
     </span>
     <span class='ocr_line' id='line_1_32' title="bbox 264 4379 1433 4472; baseline 0.007 -30"><span class='ocrx_word' id='word_1_255' title='bbox 264 4379 437 4463; x_wconf 84' lang='lat' dir='ltr'>lignorum.</span> <span class='ocrx_word' id='word_1_256' title='bbox 483 4381 538 4444; x_wconf 85' lang='lat' dir='ltr'>Sal</span> <span class='ocrx_word' id='word_1_257' title='bbox 562 4383 648 4444; x_wconf 90' lang='lat' dir='ltr'>enim</span> <span class='ocrx_word' id='word_1_258' title='bbox 669 4381 766 4446; x_wconf 87' lang='lat' dir='ltr'>facile</span> <span class='ocrx_word' id='word_1_259' title='bbox 789 4392 863 4447; x_wconf 87' lang='lat' dir='ltr'>ante</span> <span class='ocrx_word' id='word_1_260' title='bbox 886 4386 1096 4470; x_wconf 81' lang='lat' dir='ltr'>importatur3</span> <span class='ocrx_word' id='word_1_261' title='bbox 1119 4386 1283 4449; x_wconf 88' lang='lat' dir='ltr'>frumenta</span> <span class='ocrx_word' id='word_1_262' title='bbox 1299 4386 1433 4472; x_wconf 93' lang='lat' dir='ltr'>publice</span> 
     </span>
    </p>
   </div>
   <div class='ocr_carea' id='block_1_8' title="bbox 0 0 1524 5164">
    <p class='ocr_par' dir='ltr' id='par_1_12' title="bbox 0 0 1524 5164">
     <span class='ocr_line' id='line_1_33' title="bbox 0 0 1524 5164; baseline 0 0"><span class='ocrx_word' id='word_1_263' title='bbox 0 0 1524 5164; x_wconf 95' lang='lat' dir='ltr'> </span> 
     </span>
    </p>
   </div>
  </div>
 </body>
</html>
