3006 5170
257 443 298 504 28
759 455 918 504 vrrauvu

243 575 366 696 'gendo
396 610 563 676 naturales
592 612 749 694 virtutes,
779 609 932 676 dissolvit
951 629 1008 674 eas
1030 617 1064 674 et
1088 610 1218 676 fervore
1241 610 1472 677 mollesoen

259 735 308 792 tes
340 727 442 792 efficit
473 726 667 794 imbecillas.
720 728 766 793 Ut
798 729 896 793 etiam
932 730 967 793 in
1006 728 1094 794 ferro
1131 729 1473 814 animadvertimus

259 847 347 933 quod
370 848 520 935 quamvis
542 856 661 912 natura
683 849 726 912 sit
748 849 882 932 durum,
911 850 946 914 in
974 847 1164 914 fornacibus
1197 849 1238 914 ab
1266 849 1368 934 ignis
1405 873 1473 915 va-

259 989 337 1053 pore
362 965 618 1055 percalefactum
647 967 695 1030 ita
722 964 897 1050 mollescit,
929 967 1025 1030 utin
1052 990 1146 1032 omne
1173 990 1283 1056 genus
1307 967 1473 1033 formae

227 1105 239 1144 s
260 1084 402 1150 faciliter
420 1083 617 1168 fabricetur;
653 1093 685 1148 et
714 1085 802 1149 idem
824 1106 897 1148 cum
918 1081 1016 1149 molle
1039 1094 1071 1150 et
1093 1086 1237 1150 candens
1258 1085 1471 1172 refrigere-

258 1214 328 1287 tur,
359 1205 497 1292 tinctum
533 1203 673 1289 frigida,
707 1203 889 1269 redurescit
918 1211 951 1268 ct
981 1203 1165 1268 restituitur
1196 1203 1233 1269 in
1261 1207 1470 1293 antiquam

256 1324 499 1409 proprietatem.

343 1563 373 1622 4.
417 1559 513 1626 Licet
534 1561 634 1625 etiam
662 1559 872 1626 considerare
900 1561 982 1624 haec
1014 1560 1061 1623 ita
1092 1583 1165 1625 esse
1191 1577 1234 1626 ex
1257 1585 1311 1646 co,
1347 1563 1460 1649 quod

258 1685 383 1741 aestate
403 1701 469 1742 non
492 1677 595 1742 solum
610 1677 645 1742 in
666 1677 896 1763 pestilentibus
915 1677 1013 1758 locis,
1038 1679 1096 1743 sed
1115 1679 1213 1742 etiam
1230 1680 1265 1744 in
1291 1680 1454 1747 salubri-

216 1817 240 1858 ιο
256 1796 318 1860 bus
336 1796 445 1860 omnia
464 1817 601 1881 corpora
617 1795 724 1860 calore
740 1795 820 1858 fiant
835 1795 1016 1881 imbecilla3
1040 1806 1072 1862 et
1092 1820 1151 1885 per
1168 1797 1308 1862 hiemem
1332 1801 1452 1862 etiam

257 1935 341 2000 quae
364 1914 654 2000 pestilentissimae
674 1913 740 1977 sint
761 1915 929 1999 regiones,
951 1915 1137 1981 efficiantur
1157 1915 1323 2000 salubres,
1360 1919 1449 1984 ideo

257 2032 345 2120 quod
366 2055 386 2096 a
407 2031 713 2117 refrigerationibus
735 2031 927 2099 solidantur.
972 2035 1047 2100 Non
1070 2036 1177 2100 minus
1202 2033 1318 2118 etiam,
1348 2060 1445 2122 quae

160 2198 163 2206 ,
256 2173 277 2213 a
305 2150 438 2237 frigidis
470 2149 661 2236 regionibus
693 2172 831 2239 corpora
863 2152 1079 2219 traducuntur
1111 2154 1147 2216 in
1180 2151 1326 2235 calidas,
1368 2177 1445 2218 non

257 2279 394 2357 possunt
409 2247 554 2353 durare,
589 2269 648 2334 sed
668 2270 911 2356 dissolvuntur3
944 2293 1027 2359 quae
1049 2280 1156 2336 autem
1180 2295 1223 2336 ex
1243 2269 1363 2336 calidis
1390 2273 1441 2336 lo-

214 2390 304 2456 lacis
331 2389 390 2454 sub
414 2390 670 2477 septentrionum
692 2391 844 2474 regiones
865 2391 1023 2475 frigidas,
1050 2412 1116 2454 non
1134 2389 1229 2455 modo
1251 2413 1318 2455 non
1339 2389 1439 2456 labo·

244 2516 328 2573 rant
361 2507 586 2572 immutatione
619 2507 682 2572 loci
714 2507 979 2592 valetudinibus,
1013 2508 1071 2573 sed
1104 2509 1203 2573 etiam
1236 2507 1435 2573 confirman-

254 2635 318 2690 tur.
364 2629 393 2690 5.
411 2626 522 2706 Quare
540 2627 723 2690 cavendum
745 2650 817 2692 esse
837 2628 969 2693 videtur
987 2627 1022 2691 in
1037 2627 1208 2692 moenibus
1228 2624 1431 2690 collocandis

255 2743 296 2806 ab
317 2743 358 2805 iis
378 2741 584 2827 regionibus,
612 2765 695 2830 quae
720 2745 884 2810 caloribus
912 2744 1009 2810 flatus
1038 2746 1081 2810 ad
1102 2765 1238 2832 corpora
1257 2740 1430 2805 hominum

255 2869 393 2946 possunt
414 2883 579 2947 spargere.
625 2861 707 2948 (34.)
734 2863 883 2950 Namque
912 2887 957 2929 ex
977 2839 1163 2951 plincipiis,
1193 2881 1277 2946 quac
1304 2858 1427 2923 Graeci

211 3003 238 3043 ro
256 2990 401 3060 στοιχεῖα
424 2978 606 3066 appellant,
636 2990 673 3045 nt
694 2982 803 3046 omnia
831 3003 970 3068 corpora
991 2989 1068 3045 sunt
1086 2977 1280 3064 composita,
1316 2975 1351 3041 id
1374 2988 1427 3042 cst

254 3119 296 3162 ex
313 3095 470 3168 caloreet
490 3098 642 3182 humore,
666 3108 796 3163 terreno
819 3107 852 3163 et
873 3107 967 3181 aere,
989 3098 1036 3160 ita
1056 3097 1107 3160 his
1129 3094 1344 3159 mixtionibus
1366 3120 1424 3160 na-

253 3215 354 3280 tur'ali
382 3225 603 3302 temperatura
636 3217 821 3302 figurantur
849 3218 992 3281 omnium
1021 3214 1211 3278 animalium
1238 3213 1273 3277 in
1301 3215 1421 3279 mundo

226 3363 229 3372 ¹
255 3335 437 3420 generatim
460 3336 645 3421 qualitates.
692 3339 721 3398 6.
748 3333 837 3420 Ergo
859 3336 894 3400 in
916 3332 1035 3420 quibus
1059 3331 1249 3419 corporibus
1271 3354 1344 3396 cum
1365 3355 1420 3396 ex-

258 3462 389 3541 superat
411 3477 429 3518 e
451 3454 621 3540 principiis
634 3453 756 3536 calor,
783 3463 862 3516 tunc
882 3450 1036 3545 interficit
1068 3450 1283 3537 dissolvitque
1315 3458 1420 3515 cetera

209 3596 234 3638 rs
256 3572 401 3655 fervore3
430 3571 512 3636 hacc
541 3580 651 3635 autem
673 3572 755 3637 vitia
779 3571 882 3635 efficit
903 3569 1069 3636 fervidum
1090 3569 1131 3634 ab
1156 3571 1253 3636 certis
1274 3571 1417 3656 partibus

254 3681 397 3773 caelum,
431 3712 504 3754 cum
532 3690 647 3754 insidit
679 3691 714 3752 in
746 3697 876 3775 apertas
902 3709 1004 3752 venas
1030 3686 1104 3775 plus
1132 3701 1231 3773 quam
1259 3689 1417 3773 patiturc

252 3807 467 3888 mixtionibus
493 3807 636 3872 naturali
663 3815 883 3892 temperatura
905 3826 1032 3890 corpus.
1077 3804 1160 3869 Item
1182 3805 1346 3904 si'humor
1366 3829 1415 3871 oc·

252 3927 387 4014 cupavit
415 3948 586 4013 corporum
614 3948 733 4009 venas,
765 3925 971 4012 imparesque
998 3946 1053 3987 cas
1076 3924 1170 4006 fecit,
1204 3932 1313 3987 cetera
1332 3925 1414 4010 prin-

252 4048 338 4134 cipia
360 4054 396 4110 ut
417 4068 438 4109 a
462 4043 587 4130 liquido
615 4052 767 4131 corrupta
795 4042 966 4106 diluuntur
986 4050 1025 4110 er
1047 4039 1272 4126 dissoluuntur
1294 4063 1412 4129 compo-

209 4188 235 4230 ro
253 4165 379 4228 sitionis
400 4165 548 4228 virtutes.
604 4161 687 4256 Item
719 4185 737 4227 c
769 4159 1076 4247 refrigerationibus
1112 4159 1273 4243 humoris,
1308 4168 1411 4224 vento·
1474 4191 1475 4198 ¹

252 4305 324 4348 rum
356 4291 388 4346 et
418 4302 571 4363 aurarum
601 4280 820 4345 infunduntur
850 4281 933 4345 vitia
965 4279 1165 4365 corporibus.
1210 4279 1283 4343 Non
1311 4279 1408 4344 minus

253 4402 337 4466 ae'ris
372 4402 535 4486 etiamque
567 4399 690 4464 terreni
720 4400 756 4462 in
788 4409 922 4487 corpore
955 4397 1113 4462 naturalis
1142 4396 1331 4484 compositio
1357 4419 1407 4460 au-
