3028 5164
268 443 327 506 164
771 447 935 499 1111111111·

268 609 380 690 detur3
404 605 582 671 secundum
604 605 719 672 folium
741 606 882 670 mediam
907 604 1113 669 altitudinem
1135 613 1264 687 teneat,
1287 603 1460 668 cauliculi

267 724 404 789 eandem
434 723 579 790 habeant
606 724 828 807 altitudinem,
860 746 878 788 e
906 723 1025 810 quibus
1053 721 1134 786 folia
1161 729 1345 786 nascuntur
1373 743 1459 808 pro-

267 841 367 925 iecta,
395 844 444 906 uti
466 844 657 933 excipiant,
677 864 760 929 quae
789 865 830 906 ex
855 841 1026 906 cauliculis
1054 849 1151 906 natae
1181 850 1386 927 procurrunt
1411 841 1460 903 ad

269 969 432 1025 extremos
454 960 593 1046 angulos
615 960 763 1042 volutao3
789 962 997 1048 minoresque
1019 958 1142 1024 helices
1161 961 1248 1023 intra
1265 981 1365 1023 suum
1383 983 1458 1023 rne-

238 1079 375 1161 sdium,
405 1081 461 1164 qui
489 1088 539 1143 est
564 1080 599 1142 in
627 1080 731 1144 abaco
755 1078 829 1142 flori
858 1078 998 1142 subiecti
1026 1079 1225 1165 scalpantur.
1271 1077 1396 1142 Floras
1419 1079 1458 1144 in

269 1203 409 1280 quatuor
440 1196 607 1282 partibus,
639 1185 763 1284 quanta
792 1198 854 1260 erit
878 1196 973 1261 abaci
1001 1197 1200 1279 crassitudo,
1232 1205 1299 1260 tam
1331 1200 1459 1281 magni

241 1317 243 1322 '
269 1312 460 1376 formentur.
504 1313 556 1377 Ita
574 1313 625 1377 his
649 1315 848 1400 symmetriis
875 1314 1046 1379 Corinthia
1065 1315 1209 1401 capitula
1237 1335 1316 1377 sua-s
1343 1314 1458 1378 habe-

268 1429 352 1494 bunt
372 1431 569 1494 exactiones.

356 1547 441 1634 (12.)
463 1547 545 1610 Sunt
563 1556 685 1630 autem,
710 1553 794 1634 quae
817 1548 934 1620 iisdem
956 1549 1115 1614 columnis
1136 1553 1367 1639 imponuntur,
1398 1573 1453 1615 ca-

227 1685 252 1728 ro
270 1663 446 1752 pitulorum
468 1686 592 1748 genera
612 1666 712 1728 variis
732 1667 903 1731 vocabulis
922 1670 1106 1752 nominata,
1130 1692 1268 1756 quorum
1288 1693 1351 1734 nec
1373 1693 1458 1758 pro-

270 1787 427 1871 prietates
450 1782 731 1868 symmetriarum,
753 1805 814 1846 nec
836 1785 1059 1850 columnarum
1086 1810 1191 1871 genus
1222 1789 1313 1852 aliud
1340 1791 1458 1853 nomi-

270 1922 349 1963 nare
370 1919 560 1984 possumus5
588 1899 647 1962 sed
665 1901 809 1985 ipsorum
831 1903 990 1966 voeabula
1012 1904 1163 1968 traducta
1189 1914 1221 1969 et
1242 1915 1456 1970 commutata

272 2040 315 2081 ex
337 2015 516 2080 Corinthiis
543 2024 575 2079 et
594 2016 774 2101 pulvinatis
798 2024 830 2080 et
851 2016 983 2080 Doricis
1006 2022 1171 2107 videmus,
1194 2045 1335 2111 quorum
1359 2047 1457 2110 sym-

272 2135 406 2198 metriae
430 2135 561 2197 suntin
582 2154 740 2198 novarum
762 2121 1191 2220 scalpturarum'rranslatae
1215 2141 1455 2207 subtilitatem.

230 2301 254 2342 15
289 2304 294 2314 ·
712 2269 903 2336 CAPUT
933 2270 978 2333 II.

360 2374 388 2435 1.
414 2371 495 2460 (13.)
527 2371 689 2452 Quoniam
716 2383 826 2436 autem
856 2372 897 2435 (16
925 2369 1102 2456 generibus
1131 2373 1357 2441 columnarum
1386 2380 1455 2443 ori-

273 2491 367 2576 gines
390 2497 423 2553 et
451 2491 657 2555 inventiones
680 2513 779 2576 supra
810 2499 891 2555 sunt·
915 2490 1072 2576 scriptae,
1101 2513 1167 2566 non
1197 2491 1342 2556 alienum
1364 2496 1453 2558 mihi

272 2607 419 2689 videtur,
454 2608 571 2671 iisdem
604 2606 785 2672 rationibus
820 2608 860 2673 (16
894 2609 1094 2674 ornamentis
1127 2631 1256 2692 eorum,
1290 2615 1456 2695 quemad-

273 2726 407 2790 modum
437 2732 513 2787 sunt
540 2735 702 2811 prognata
729 2734 761 2790 et
789 2727 907 2814 quibus
936 2727 1108 2813 principiis
1137 2735 1170 2790 et
1191 2727 1378 2810 originibus
1405 2732 1456 2793 in-

158 2821 163 2828 ,
230 2871 256 2912 1ο
273 2850 388 2923 venta,
418 2841 536 2905 dicore.
583 2844 665 2929 (14.)
689 2844 729 2907 In
749 2843 909 2908 aedificiis
933 2843 1083 2909 omnibus
1111 2844 1247 2932 insuper
1266 2843 1458 2910 collocatur

273 2959 457 3022 materiatio
478 2959 580 3024 variis
602 2960 773 3026 vocabulis
794 2964 977 3045 nominata3
1001 2983 1039 3024 ea
1057 2970 1166 3025 autem
1184 2962 1234 3024 uti
1250 2961 1284 3024 in
1298 2964 1456 3026 nomina-

272 3061 433 3160 tionibus,
457 3079 503 3141 ita
522 3079 556 3144 in
577 3103 612 3144 re
633 3082 744 3145 varias
768 3081 867 3146 habet
884 3081 1053 3145 utilitates.
1098 3078 1224 3143 Trabes
1241 3081 1327 3142 enim
1347 3104 1456 3168 supra

187 3241 189 3244 -
274 3195 441 3260 columnas
465 3205 496 3260 et
517 3199 734 3285 parastaticas
758 3207 790 3262 et
813 3208 906 3262 antas
929 3207 1109 3284 ponuntur,
1134 3201 1168 3262 in
1191 3199 1456 3280 contignationi—

274 3312 336 3378 bus
359 3316 451 3400 tigna
472 3325 504 3380 et
526 3337 622 3400 axes3
648 3318 730 3403 (15.)
755 3317 815 3380 sub
834 3317 948 3400 tectis,
970 3318 998 3379 si
1019 3317 1142 3381 maiora
1166 3315 1271 3401 spatia
1295 3325 1392 3399 sunt,
1422 3327 1455 3380 et

230 3457 256 3496 25
274 3439 418 3496 transtra
440 3441 472 3495 et
494 3434 654 3519 capreoli,
684 3435 712 3497 si
734 3435 918 3517 commoda,
951 3434 1100 3497 columen
1129 3441 1163 3497 61
1187 3433 1350 3496 cantherii
1373 3457 1453 3521 pro-

274 3550 434 3613 minentes
465 3549 508 3612 ad
541 3559 722 3615 extremam
754 3552 1078 3637 suggrundationem.
1124 3549 1231 3636 Supra
1258 3551 1453 3617 cantherios

273 3665 411 3751 templa3
439 3665 557 3730 deiude
585 3668 721 3755 insuper
746 3667 806 3733 sub
833 3670 961 3755 tegulas
990 3691 1117 3733 asseres
1139 3669 1187 3732 ita
1208 3669 1452 3755 prominentes,

273 3784 323 3847 uti
341 3785 482 3869 parietes
504 3785 698 3870 proiecturis
722 3809 834 3852 eorum
848 3795 1009 3874 tegantur.
1057 3789 1085 3848 2.
1104 3787 1186 3872 (16.)
1209 3785 1261 3848 Ita
1279 3806 1453 3872 unaquae-

275 3921 337 3986 que
369 3922 421 3965 res
455 3910 487 3965 et
520 3901 626 3965 locum
656 3911 688 3966 et
715 3925 818 3988 genus
845 3915 877 3969 61
904 3904 1050 3969 ordinem
1076 3905 1243 3989 proprium
1270 3911 1402 3985 tuetur,
1435 3928 1453 3969 c

231 4037 258 4078 ao
276 4015 393 4104 quibus
418 4018 516 4083 rebus
539 4028 571 4083 61
589 4042 609 4083 6
629 4009 842 4086 materiatura
864 4022 975 4085 fabrili
996 4023 1031 4086 in
1053 4019 1190 4106 lapideis
1207 4029 1238 4084 61
1254 4027 1451 4088 marmoreis

276 4136 406 4200 aedium
427 4159 592 4202 sacrarum
613 4139 897 4204 aedificationibus
920 4141 1061 4205 artifices
1078 4140 1309 4225 dispositiones
1331 4163 1450 4207 eorum

277 4252 449 4338 scalpturis
472 4264 548 4319 sunt
569 4257 703 4339 imitati,
726 4265 759 4320 et
781 4280 837 4322 eas
856 4259 1064 4323 inventiones
1086 4257 1329 4346 persequendas
1351 4269 1450 4344 puta-

277 4381 405 4432 verunt.
