3028 5164
247 426 307 487 182
751 425 911 474 vrrnuvu

245 590 414 677 pagmenti
435 594 528 673 parte
548 591 658 665 sexta3
681 581 867 667 proiectura
888 585 996 640 autem
1015 584 1139 662 quanta
1156 583 1206 639 est
1221 577 1292 640 eius
1310 576 1453 639 crassi-

246 705 342 788 tud03
387 701 602 790 sculpendum
639 706 688 762 est
723 697 902 782 cymatium
937 693 1095 758 Lesbium
1133 715 1207 758 cum
1246 691 1450 776 astragalo.

248 822 353 908 Supra
386 819 581 907 cymatium,
610 814 697 902 quod
730 815 791 878 erit
824 814 859 875 in
891 813 1082 898 supercilio,
1117 811 1351 877 collocandum
1390 818 1451 873 est

248 905 498 1025 hyperthyrum·
508 933 726 998 crassitudine
749 929 934 1018 supercilii,
963 938 995 993 ct
1023 931 1058 993 in
1079 951 1117 994 eo
1140 927 1361 1016 scalpendum
1392 936 1453 991 est

218 1057 425 1142 scymatium
449 1053 625 1132 Doricum,
654 1049 856 1134 astragalum
884 1047 1054 1110 Lesbium.
1101 1047 1234 1110 Summa
1256 1045 1451 1132 scalpatur

250 1195 370 1237 corona
386 1170 486 1258 plana
504 1191 578 1232 cum
595 1169 738 1253 cymatio
747 1190 765 1250 3·
776 1167 962 1253 proiectura
985 1173 1093 1242 autem
1110 1165 1179 1228 eius
1203 1164 1281 1248 crit,
1301 1171 1450 1248 quanta

250 1289 399 1354 altitudo.
459 1285 651 1374 Supercilii,
689 1285 778 1371 quod
815 1305 914 1369 supra
949 1289 1202 1369 antepagmenta
1237 1283 1450 1369 imponitur,

252 1387 367 1472 dextra
388 1415 485 1492 atque
511 1405 644 1468 sinistra
665 1385 870 1489 proiecturae
899 1402 946 1464 sic
976 1409 1052 1464 sunt
1072 1399 1260 1483 faciendae,
1289 1402 1340 1462 uti
1365 1422 1448 1464 cre-

252 1527 388 1613 pidines·
408 1530 586 1588 excurrant
611 1530 643 1585 et
670 1523 706 1585 in
735 1541 878 1605 unguem
908 1520 979 1604 ipso
1009 1517 1150 1604 cymatio
1174 1519 1447 1602 coniungantur.

210 1779 235 1818 ιο
339 1764 368 1824 3.
402 1759 483 1845 (465)
516 1757 575 1820 Sin
604 1763 711 1820 autem
736 1753 849 1817 Ionico
877 1775 996 1838 genere
1025 1753 1137 1816 futura
1171 1761 1282 1836 erunt,
1316 1753 1448 1816 lumen

253 1876 355 1939 altum
385 1874 427 1936 ad
458 1872 596 1936 cundem
624 1870 773 1954 modum,
802 1862 1079 1955 quemadmodum
1103 1871 1139 1933 in
1167 1870 1321 1950 Doricis,
1360 1871 1446 1934 fieri

254 1991 400 2072 videtur3
427 1989 567 2052 latitudo
591 1990 824 2070 constituatur,
850 1996 886 2050 ut
907 1988 1044 2052 altitudo
1068 1987 1234 2052 dividatur
1260 1989 1294 2050 in
1317 1997 1446 2074 partes

255 2109 337 2172 duas
358 2115 391 2170 et
413 2105 596 2188 dimidiam,
625 2095 759 2191 eiusque
779 2107 882 2190 partis
905 2107 1004 2169 unius
1027 2107 1093 2169 ima
1114 2105 1246 2169 luminis
1274 2104 1332 2167 fiat
1361 2105 1447 2168 lati-

254 2223 350 2306 tudo;
370 2232 594 2287 contracturae
616 2225 663 2286 ita
683 2224 732 2286 uti
748 2224 783 2286 in
796 2223 939 2287 Doricia
986 2223 1179 2288 Crassitudo
1196 2230 1444 2308 antepagmen-

213 2363 237 2402 a
254 2351 362 2406 torum
395 2340 578 2405 altitudinis
607 2341 739 2404 luminis
774 2341 819 2404 in'
837 2341 944 2404 fronte
975 2338 1082 2403 XIIII
1104 2348 1216 2426 parte,
1250 2343 1441 2426 cymatium

255 2460 351 2524 huius
372 2457 601 2523 crassitudinis
621 2465 730 2538 sexta3
752 2456 879 2542 reliqua
900 2479 975 2543 pars
997 2466 1127 2544 praeter
1146 2459 1323 2542 cymatium
1346 2457 1444 2521 divi-

256 2577 353 2641 datur
374 2577 408 2640 in
425 2585 536 2661 partes
559 2575 646 2657 X113
669 2574 784 2637 harum
807 2576 905 2638 trium
922 2576 1027 2662 prima
1043 2597 1137 2638 corsa
1153 2575 1210 2638 fiat
1229 2597 1303 2639 cum
1326 2583 1442 2638 astra-

256 2695 348 2778 galo,
383 2692 527 2757 secunda
558 2702 712 2778 quatuor,
741 2694 839 2756 tertia
868 2695 1027 2780 quinque,
1061 2715 1182 2778 eaeque
1211 2715 1325 2756 corsae
1355 2716 1443 2758 cum

257 2810 430 2894 astragalis
457 2811 724 2874 circumcursant.
770 2813 801 2873 4.
831 2809 1045 2896 Hyperthyra
1075 2819 1185 2874 autem
1216 2809 1256 2874 ad
1288 2811 1442 2875 eundem

162 2944 170 2954 ·
213 2949 239 2986 ro
257 2925 388 2988 modum
420 2936 670 3013 componantur,
701 2927 974 3015 quemadmodum
1002 2928 1038 2990 in
1064 2927 1208 2992 Derieis.
1255 2927 1338 3013 (47.)
1363 2927 1440 2992 Pro

255 3041 435 3126 parictibus
453 3064 611 3126 ancones,
635 3046 706 3109 sive
720 3045 886 3131 parotides
903 3053 1079 3128 vocantur,
1103 3043 1291 3132 exsculptae
1313 3045 1442 3109 dextra

257 3179 295 3222 ac
319 3159 452 3222 sinistra
470 3162 714 3248 praependeant
739 3162 782 3226 ad
807 3164 864 3225 imi
893 3161 1059 3249 supercilii
1082 3161 1312 3227 libramentum
1333 3186 1437 3250 prae-

256 3283 306 3339 ter
328 3275 452 3339 folium.
498 3277 570 3342 Hae
591 3278 733 3343 habeant
753 3281 788 3344 in
808 3268 914 3344 fronte
936 3281 1188 3344 crassitudinem
1212 3304 1254 3344 ex
1271 3289 1436 3366 antepag-

257 3393 359 3456 menti
374 3393 479 3459 tribus
501 3396 650 3482 partibus
673 3397 825 3482 duarum,
848 3399 883 3461 in
904 3399 969 3462 imo
985 3407 1102 3486 quarta
1116 3406 1207 3485 parte
1223 3398 1437 3482 graciliorem

215 3531 241 3572 a
258 3530 356 3594 quam
380 3513 559 3597 superiora.

345 3743 427 3830 (48.)
450 3744 553 3810 Fores
573 3746 621 3810 ita
639 3749 906 3834 compingantur,
928 3751 977 3814 uti
997 3752 1086 3836 scapi
1102 3749 1285 3814 cardinales
1306 3719 1374 3812 sint
1390 3772 1435 3814 cx

259 3860 433 3925 latitudine
457 3860 589 3927 luminis
616 3866 716 3929 totius
745 3865 816 3929 XII
844 3874 946 3951 parte.
992 3868 1083 3932 Inter
1106 3867 1187 3932 duos
1211 3890 1325 3954 scapos
1348 3875 1434 3953 tym-

260 4001 346 4064 pana
368 4001 410 4040 ex
430 3978 501 4041 XII
528 3981 674 4066 partibus
703 3981 846 4047 habeant
869 3992 977 4048 ternas
1006 3993 1127 4072 partes.
1173 3989 1203 4047 5.
1235 3984 1431 4070 Impagibus

262 4095 507 4158 distributiones
536 4098 582 4158 ita
609 4097 703 4181 fient,
733 4101 781 4163 uti
810 4101 926 4166 divisis
957 4100 1187 4166 altitudinibus
1210 4103 1245 4165 in
1266 4111 1378 4187 partes
1401 4101 1432 4164 V

217 4237 243 4276 so
261 4211 344 4274 duae
360 4211 536 4296 superiori,
558 4221 623 4277 tres
641 4214 789 4279 inferiori
804 4217 1031 4302 designentur;
1056 4240 1153 4303 super
1170 4219 1313 4282 medium
1330 4219 1433 4282 medii

261 4307 409 4414 impeges
432 4327 648 4413 collocentur3
679 4355 720 4395 ex
747 4333 882 4420 reliquis
911 4335 966 4399 alii
990 4336 1024 4397 in
1049 4356 1190 4416 summo,
1220 4335 1278 4398 alii
1303 4335 1337 4396 in
1367 4335 1432 4400 imo
