3028 5164
1486 80 1489 158 l

1489 184 1490 248 l

1370 351 1374 358 ψ

1424 494 1493 582 ·l

249 496 312 558 244
753 508 912 556 v1ruuv11

1491 598 1494 692 l

250 684 322 727 eam
344 661 614 748 exaequationem
635 661 720 748 pila,
753 681 853 747 quam
881 681 1003 746 magna
1028 662 1205 726 constituta
1232 659 1348 744 fuerit,
1383 659 1439 724 ibi
1492 700 1495 788 ,

250 789 410 865 struatur3
431 801 535 866 eaque
554 802 627 844 eum
644 781 706 844 erit
721 787 902 862 exstructa,
922 778 1127 865 relinquatur
1147 801 1188 842 ne
1209 779 1318 842 minus
1342 777 1436 841 duos
1495 804 1496 888 p

251 921 395 981 menses,
418 904 455 962 ut
473 899 647 980 siccescat;
673 906 751 962 tunc
774 905 882 961 autem
907 895 1095 960 succidatur
1116 917 1246 982 margo,
1267 917 1352 984 quae
1377 918 1434 959 su·
1495 908 1497 984 )

252 1018 350 1082 stinet
372 1015 546 1100 harenam3
575 1015 622 1080 ita
639 1014 764 1078 harena
790 1013 945 1079 fluctibus
973 1014 1111 1078 subruta
1135 1013 1256 1080 efficiet
1278 1015 1314 1092 in
1335 1036 1434 1078 mare
1497 1010 1498 1096 l

221 1136 338 1222 spilae
377 1135 691 1223 praecipitationem.
750 1133 824 1196 Hac
855 1134 983 1197 ratione
1017 1115 1308 1218 quotienscumque
1342 1154 1433 1219 opus
1498 1114 1499 1198 l

252 1254 368 1336 fuerit,
390 1255 426 1318 in
445 1275 565 1340 aquam
585 1253 706 1341 poterit
728 1273 799 1316 esse
821 1273 1027 1340 progressus.
1499 1216 1500 1296 l

337 1489 419 1576 (88.)
443 1489 483 1554 In
504 1488 623 1576 quibus
646 1496 754 1552 autem
784 1487 865 1554 locis
892 1486 1000 1574 pulvis
1022 1508 1089 1552 non
1109 1489 1272 1572 nascitur,
1299 1487 1351 1552 his
1376 1509 1431 1554 ra·
1501 1424 1502 1482 l

250 1607 397 1674 tionibus
420 1609 482 1673 erit
503 1606 707 1688 faciendum,
729 1607 777 1670 uti
798 1627 894 1672 arcae
914 1605 1060 1691 duplices
1079 1604 1229 1702 religatis
1247 1606 1371 1672 tabulis
1395 1617 1432 1672 et
1503 1630 1504 1698 r

251 1715 377 1792 catenis
399 1726 571 1812 colligatae
601 1726 636 1788 in
663 1749 700 1792 eo
726 1725 813 1808 loco,
837 1725 893 1810 qui
924 1724 1037 1798 finitus
1065 1724 1144 1807 erit,
1174 1724 1429 1809 constituantur,
1504 1734 1505 1764 r

210 1867 235 1908 ro
252 1854 284 1910 et
305 1846 391 1910 inter
412 1844 558 1908 destinas
579 1854 669 1911 creta
691 1846 726 1907 in
746 1843 901 1908 eronibus
923 1864 966 1905 ex
987 1841 1066 1905 ulva
1083 1840 1225 1930 palustri
1243 1842 1339 1907 factis
1360 1844 1427 1907 cal-

251 1971 353 2028 cetur.
399 1962 482 2027 Cum
517 1964 563 2025 ita
594 1962 678 2027 bene
712 1961 874 2025 calcatum
903 1966 935 2023 et
964 1981 1062 2048 quam
1090 1961 1285 2026 densissime
1313 1961 1425 2044 fucrit,

250 2090 329 2145 tunc
344 2080 503 2162 cochleis,
526 2081 605 2145 rotis
615 2130 624 2163 ,
646 2079 813 2167 tympanis
831 2077 997 2143 collocatis
1015 2076 1124 2162 locus,
1146 2082 1257 2166 quiea
1276 2083 1426 2169 ceptione

250 2198 363 2264 finitus
387 2197 502 2281 fuerit,
530 2198 740 2263 exinaniatur
761 2199 982 2284 siccaturque,
1012 2205 1045 2261 et
1072 2197 1120 2262 ibi
1146 2199 1232 2262 inter
1259 2200 1424 2286 septiones

101 2387 108 2399 ⁸
142 2373 147 2382 .
203 2293 204 2297 Ἰ
252 2317 469 2384 fundamenta
493 2314 671 2381 fodiantur.
717 2317 754 2381 Si
782 2325 912 2380 terrena
942 2322 1053 2397 erunt,
1083 2315 1255 2403 usquead
1283 2316 1424 2382 solidum

212 2459 234 2500 rs
252 2437 427 2517 crassiora,
453 2455 552 2521 quam
581 2435 637 2520 qui
658 2456 771 2500 murus
799 2455 899 2521 supra
926 2433 1055 2497 futurus
1084 2421 1164 2517 erit,
1189 2435 1424 2500 exinaniantur
1474 2521 1476 2526 λ

201 2623 216 2654 0
252 2555 495 2641 siccanturque3
516 2562 549 2618 ct
569 2561 649 2617 tunc
670 2560 834 2618 structura
856 2574 899 2616 ex
920 2553 1113 2636 caementis,
1136 2553 1225 2617 calce
1249 2562 1281 2618 et
1300 2555 1424 2620 harena

250 2673 485 2762 compleantur.
531 2676 562 2738 6.
590 2671 649 2737 Sin
674 2680 783 2736 autem
811 2669 920 2736 mollis
947 2672 1038 2737 locus
1062 2672 1138 2755 erit,
1163 2671 1247 2761 palis
1269 2672 1423 2738 ustulatis

252 2789 357 2856 alneis
393 2799 451 2856 aut
484 2791 663 2878 oleagineis
689 2789 888 2876 configatur,
919 2799 952 2854 et
982 2789 1180 2856 carbonibus
1211 2791 1421 2879 compleatur,

252 2908 527 2995 quemadmodum
549 2911 584 2973 in
605 2910 807 2974 theatrorum
833 2918 865 2974 et
894 2911 979 2974 muri
1000 2909 1250 2976 fundationibus
1273 2919 1323 2976 est
1345 2913 1422 2977 sori-

208 3052 235 3093 m
251 3035 353 3113 ptum.
398 3026 530 3090 Deinde
555 3035 635 3092 tunc
663 3027 822 3114 quadrato
849 3050 930 3094 saxo
956 3049 1068 3092 murus
1098 3028 1236 3093 ducatur
1262 3029 1420 3094 iuncturis

251 3167 350 3233 quam
370 3145 588 3232 longissimis,
610 3147 659 3210 uti
680 3147 824 3211 maxime
845 3147 945 3212 medii
972 3146 1099 3235 lapides
1123 3149 1323 3231 coagmentis
1347 3169 1420 3213 con-

250 3265 434 3347 tineantur3
461 3272 539 3328 tunc
568 3263 625 3350 qui
646 3262 738 3328 locus
767 3265 829 3329 erit
851 3267 937 3329 inter
959 3287 1104 3348 murum,
1121 3266 1330 3332 'ruderatione
1351 3266 1419 3332 sive

251 3389 416 3446 structura
446 3381 657 3469 compleatur.
719 3381 771 3448 Ita
809 3385 887 3462 erit,
929 3385 977 3449 uti
1009 3386 1114 3473 possit
1150 3383 1251 3450 turris
1287 3385 1419 3472 insuper

250 3500 427 3566 aedificari.

207 3764 234 3805 rs
335 3742 365 3802 7.
388 3736 472 3823 (89.)
495 3738 558 3804 His
580 3739 736 3825 perfectis
756 3735 962 3804 navaliorum
981 3760 1021 3803 aa
1040 3739 1103 3804 erit
1122 3740 1224 3824 ratio,
1244 3748 1281 3806 ut
1301 3743 1417 3807 consti·

250 3862 383 3954 tuantur
406 3857 588 3942 spectantia
609 3858 752 3921 maxime
775 3857 818 3921 ad
833 3857 1105 3943 septentrionem
1127 3879 1204 3922 nam
1219 3859 1416 3925 meridianae

249 3975 401 4060 regiones
424 3983 557 4062 propter
581 3983 691 4040 aestus
710 3976 846 4057 cariem,
867 3975 1004 4059 tineam,
1025 3975 1207 4060 teredines,
1230 3977 1415 4068 reliquaque

247 4093 427 4160 bestiarum
449 4094 633 4158 nocentium
656 4116 779 4180 genera
796 4103 982 4184 procreant,
1004 4094 1187 4182 alendoque
1207 4106 1415 4182 conservant3

248 4233 350 4299 eaque
384 4199 534 4276 aedificia
566 4213 699 4278 minime
738 4223 814 4280 sunt
846 4215 1050 4282 materianda
1084 4224 1216 4304 propter
1255 4216 1414 4282 incendia.

203 4349 230 4392 ao
249 4328 331 4414 (90.)
366 4328 420 4394 De
453 4331 736 4417 magnitudinibus
778 4343 886 4400 autem
922 4333 1027 4401 finitio
1063 4331 1155 4401 nulla
1193 4332 1293 4399 debet
1329 4355 1415 4418 esse3

249 4444 308 4510 sed
330 4445 484 4512 facienda
513 4447 556 4512 ad
578 4451 757 4516 maximum
778 4454 913 4518 navium
933 4454 1082 4536 modum,
1113 4454 1163 4518 uti
1193 4454 1254 4518 etsi
1279 4453 1415 4519 maiores
