3008 5162
220 409 280 470 llo
663 429 666 434 ¹
723 415 880 463 vrruuvu
968 426 970 430 ·

216 563 299 661 palis
329 573 432 636 alneis
462 578 518 634 aut
547 569 727 654 oleagineis
749 576 805 632 aut
832 567 996 633 robusteis
1017 567 1170 632 ustulatis
1194 569 1383 656 configatur,

218 692 429 778 sublicaeque
457 689 618 753 machinis
647 687 823 772 adigantur
851 709 949 773 quam
978 686 1213 770 creberrimae,
1244 687 1384 751 carboni-

217 811 344 897 busque
366 809 560 896 expleantur
579 785 753 893 intervalla
770 804 935 892 palorum,
961 813 993 869 et
1018 788 1097 869 tunc
1119 806 1293 868 structuris
1316 805 1386 868 soli-

220 928 364 994 dissimis
386 926 600 990 fundamenta
622 923 830 1010 impleantur.
878 922 960 1008 (37.)
985 921 1173 987 Exstructis
1192 933 1303 988 autem
1317 923 1386 988 fun-

93 1079 97 1086 ·
189 1063 201 1103 5
221 1046 396 1128 damantis,
419 1045 462 1108 ad
481 1043 711 1109 libramentum
730 1039 912 1127 stylobatae
932 1048 1008 1105 sunt
1027 1039 1224 1107 collocandi.

305 1235 335 1296 3.
351 1231 457 1317 Supra
473 1190 656 1318 stylobatas
669 1193 838 1293 columnae
851 1227 1094 1314 disponendae,
1117 1227 1388 1314 quemadmodum

139 1350 141 1353 ’
218 1350 317 1436 supra
339 1351 581 1437 scriptumest,
605 1341 676 1410 siue
700 1348 742 1410 in.
756 1343 951 1432 pycnostylo
973 1344 1249 1432 quemadmodum
1271 1367 1388 1432 pycno-

219 1468 320 1556 styla,
344 1469 414 1534 sive
438 1464 580 1552 systylo,
604 1474 661 1530 aut
685 1464 844 1551 diastylo,
867 1472 925 1526 aut
946 1464 1091 1568 eustylo,
1115 1462 1389 1549 quemadmodum
1497 1469 1498 1474 ’

220 1608 319 1672 supra
342 1587 464 1672 scripta
488 1592 614 1648 suntet
636 1583 825 1647 constituta.
869 1581 911 1645 In
931 1580 1123 1668 araeostylis
1147 1581 1235 1644 enim
1255 1581 1388 1644 liberta-s
1497 1605 1498 1626 ¹

179 1723 201 1763 ¹⁰
220 1714 270 1769 est
291 1698 452 1790 quantum
471 1703 588 1787 cuique
607 1699 689 1764 libet
710 1698 942 1764 constituendi.

240 1943 242 1950 Α
307 1887 388 1974 (38.)
411 1887 475 1951 Sed
497 1888 543 1950 ita
557 1884 730 1950 'columnae
750 1885 785 1947 in
803 1885 978 1972 peripteris
995 1882 1194 1948 collocentur
1200 1933 1209 1966 ,
1226 1883 1275 1948 uti
1281 1933 1290 1966 ,
1313 1891 1391 1969 quot

119 1987 126 2000 ⁶
219 2005 470 2070 intercolumnia
489 2012 565 2067 sunt
590 2005 625 2066 in
647 2005 769 2085 fronte,
793 2002 933 2067 totidem
957 2003 1008 2067 bis
1037 2000 1287 2068 intercolumnia
1311 2001 1391 2066 fiant

221 2127 255 2188 in
274 2121 449 2205 lateribus3
471 2123 518 2185 ita
540 2122 626 2185 enim
650 2122 712 2185 crit
735 2105 857 2208 duplex
879 2119 1049 2204 longitudo
1071 2121 1178 2207 operis
1210 2119 1253 2183 ad
1280 2118 1391 2183 latitu-

223 2241 341 2306 dinem.
386 2239 534 2327 Namque
550 2240 606 2326 qui
622 2237 844 2305 columnarum
860 2237 1099 2326 duplicationes
1116 2237 1279 2322 fecerunt,
1303 2261 1388 2302 erra-

179 2383 202 2424 15
221 2359 315 2443 visse
330 2357 498 2442 videntur,
518 2356 605 2445 quod
622 2379 722 2422 unum
742 2340 1027 2444 intercolumnium
1043 2356 1078 2418 in
1096 2345 1303 2442 longitudine
1317 2355 1390 2444 plus

221 2501 319 2566 quam
341 2485 489 2565 oporteat
511 2498 701 2563 procurrere
725 2475 867 2541 videtur.

305 2668 335 2727 4.
360 2663 441 2748 (39.)
467 2661 597 2726 Gradus
627 2663 663 2725 in
690 2662 797 2726 fronte
825 2629 1045 2727 constitudndi
1071 2663 1118 2725 ita
1142 2670 1233 2746 sunt,
1261 2671 1297 2727 ut
1326 2665 1391 2728 sint

221 2802 350 2866 semper
382 2782 541 2865 impares3
577 2801 718 2866 namque
749 2802 822 2843 cum
854 2780 969 2845 dextro
997 2779 1082 2866 pede
1109 2781 1233 2866 primus
1266 2782 1391 2865 gradus
1497 2767 1498 2776 ἵ

220 2897 431 2978 ascendatur,
465 2897 543 2958 item
575 2887 625 2960 in'
644 2919 769 2961 summo
802 2895 922 2984 templo
955 2887 1080 2984 primus
1114 2899 1177 2962 erit
1205 2899 1389 2985 ponendus.

177 3045 203 3085 20
222 3014 305 3099 (40.)
331 3012 575 3078 Crassitudines
600 3023 708 3078 autem
737 3035 848 3078 eorum
870 3012 1032 3100 graduum
1060 3017 1107 3078 ita
1134 3015 1295 3080 finiendas
1316 3039 1390 3081 cen·

221 3153 290 3215 seo,
312 3140 349 3197 ut
370 3153 475 3219 neque
493 3134 670 3197 crassiores
695 3132 850 3197 dextante
871 3153 933 3197 nec
954 3132 1121 3196 tenuiores
1143 3131 1301 3197 dodrante
1323 3137 1390 3198 sint

219 3248 412 3333 collocatae3
439 3251 487 3314 sie
515 3250 603 3314 enim
630 3249 731 3313 durus
760 3270 825 3312 non
853 3252 915 3314 erit
943 3271 1111 3315 ascensus,
1159 3250 1389 3315 Retractiones

221 3376 329 3438 autem
344 3365 505 3451 graduum
520 3389 581 3431 nec
597 3368 704 3430 minus
721 3388 818 3453 quarn
839 3366 1099 3454 sesquipedales,
1121 3389 1183 3431 nec
1198 3366 1271 3454 plus
1290 3355 1388 3454 quam

220 3483 390 3570 bipedales
419 3484 590 3548 faciendae
618 3484 782 3550 videntur.
834 3484 919 3549 Item
949 3486 977 3549 si
1008 3486 1096 3551 cirea
1121 3484 1237 3551 aedem
1264 3486 1388 3573 gradus

176 3629 204 3671 as
220 3600 323 3666 futuri
345 3610 437 3680 sunt,
460 3600 503 3665 ad
524 3600 662 3666 eundem
684 3600 816 3666 modum
835 3602 907 3667 fieri
922 3602 1052 3667 debent.

305 3772 334 3832 5.
358 3768 439 3855 (41.)
474 3768 532 3832 Sin
555 3777 664 3832 autem
692 3771 780 3833 eirca
796 3768 920 3862 ¹aedem
948 3791 991 3834 ex
1017 3768 1123 3834 tribus
1152 3769 1310 3836 latoribus
1333 3793 1387 3858 po-

219 3888 309 3954 dium
332 3885 520 3951 faciendum
539 3889 616 3970 erit,
641 3887 684 3970 ad
700 3887 735 3951 id
755 3887 987 3971 constituatur,
1012 3889 1060 3952 uti
1085 3889 1242 3975 quadrae,
1266 3891 1387 3976 spirae,

217 4007 325 4071 trunci
332 4055 341 4088 ,
363 4027 520 4090 coronae,
548 4003 629 4092 lysis
652 4004 694 4068 ad
715 4005 824 4093 ipsum
844 4006 1055 4094 stylobatam,
1088 4006 1227 4092 quierit
1250 4003 1312 4070 sub
1336 4028 1387 4070 co-

218 4122 403 4188 lumnarum
431 4121 545 4208 spiris,
574 4124 782 4188 conveniant.
834 4123 1038 4212 Stylobatam
1064 4128 1112 4188 ita
1139 4131 1266 4210 oportet
1291 4145 1387 4188 exae-

176 4266 203 4309 so
219 4241 329 4326 quari,
357 4241 406 4303 uti
433 4239 554 4304 habeat
579 4263 639 4326 per
660 4240 803 4305 medium
825 4241 1043 4307 adiectionem
1062 4261 1121 4328 per
1146 4239 1306 4304 scabellos
1329 4242 1387 4304 im·

218 4377 331 4444 pares3
355 4356 384 4420 si
405 4355 493 4420 enim
514 4355 557 4419 ad
578 4355 922 4444 libellam'dirigetur,
944 4357 1126 4424 alveolatus
1147 4357 1240 4421 oculo
1258 4357 1386 4423 videbi-
