3028 5164
265 437 325 498 176
775 452 934 498 vrrnuvu

264 603 464 687 adaugetur,
493 604 542 666 uti
569 606 603 667 in
624 605 729 680 ,tertio
758 603 924 669 volumine
952 605 992 668 de
1015 603 1137 668 Ionicis
1166 614 1215 669 est
1241 607 1446 692 perscripta,

263 721 310 783 ita
332 721 419 783 etin
441 719 492 782 his
511 721 736 786 transferatur.

677 951 999 1056 'carunru

352 1195 379 1253 1.
403 1191 484 1278 (35.)
507 1189 670 1269 Quoniam
693 1192 834 1256 exterior
853 1193 977 1290 species
998 1194 1259 1278 symmetriarum
1275 1201 1309 1256 et
1326 1193 1446 1256 Corin-

238 1309 408 1373 sthiorum
427 1318 458 1372 et
476 1307 671 1372 Doricorum
692 1317 725 1372 et
746 1310 929 1374 lonicorum
946 1319 995 1374 est
1013 1313 1210 1398 perscripta,
1234 1334 1376 1375 necesse
1396 1321 1446 1376 est

267 1428 365 1490 etiarn
390 1427 560 1492 interiores
589 1425 744 1490 cellarum
772 1431 951 1514 pronaique
981 1429 1231 1493 distributiones
1258 1429 1445 1516 explicare.

269 1543 334 1631 [IV.
362 1545 401 1632 1..)
427 1546 508 1632 (36.)
532 1545 752 1609 Distribuitur
772 1554 882 1609 autem
901 1547 1073 1632 longitudo
1094 1547 1203 1631 aedis,
1225 1550 1273 1612 uti
1297 1549 1445 1613 latitudo

266 1665 308 1728 sit
336 1662 552 1748 longitudinis
584 1663 739 1727 dimidiae
770 1665 889 1749 partis,
922 1665 1058 1752 ipsaque
1086 1665 1170 1732 cella
1198 1677 1292 1753 parte
1319 1678 1448 1755 quarta

264 1783 394 1868 longior
420 1784 477 1865 sit,
507 1804 603 1868 quam
627 1790 677 1844 est
698 1782 853 1866 latitudo,
886 1806 958 1848 cum
986 1785 1124 1870 pariete,
1154 1786 1211 1870 qui
1233 1787 1347 1872 paries
1375 1787 1447 1851 val-

225 1921 250 1960 io
265 1922 381 1964 varum
402 1899 551 1963 habuerit
569 1899 830 1984 collocationem3
858 1903 1003 1988 reliquae
1025 1911 1092 1966 tres
1122 1911 1232 1988 partes
1255 1906 1378 1990 pronai
1403 1905 1447 1968 ad

265 2028 361 2082 antas
384 2019 544 2105 parietum
564 2029 772 2104 procurrant,
798 2043 880 2107 quae
906 2029 1002 2084 antae
1030 2019 1255 2084 columnarum
1281 2021 1447 2084 crassitu-

267 2135 376 2200 dinem
396 2135 517 2200 habere
540 2135 670 2204 debent.

352 2251 432 2340 (37.)
462 2253 506 2316 Εῖ
531 2255 558 2316 si
581 2253 678 2317 aedes
703 2256 764 2318 erit
786 2255 961 2330 latitudine
987 2259 1091 2322 maior
1113 2279 1210 2344 quam
1230 2257 1331 2344 pedes
1358 2255 1445 2338 XX,

267 2374 351 2438 duae
379 2374 547 2437 columnae
575 2374 661 2437 inter
690 2372 771 2436 duas
794 2382 889 2438 antas
912 2377 1174 2460 interponantur,
1202 2396 1286 2460 quae
1310 2374 1443 2438 disiun-

227 2512 250 2552 ιε
268 2502 348 2578 gant
369 2501 567 2579 pteromatos
590 2501 622 2556 et
649 2494 764 2579 pronai
790 2495 946 2584 spatium3
976 2491 1058 2579 (38.)
1080 2494 1157 2556 item
1186 2492 1445 2556 intercolumnia

267 2613 349 2694 tria,
378 2633 462 2696 quae
491 2619 585 2673 erunt
605 2611 691 2674 inter
716 2619 810 2674 antas
834 2620 866 2674 et
889 2609 1072 2692 columnas,
1101 2608 1221 2695 pluteis
1244 2609 1443 2672 marmoreis

270 2733 340 2798 sive
360 2752 403 2792 ex
419 2705 577 2792 intestino
597 2751 694 2814 opere
715 2729 812 2792 factis
834 2727 1095 2818 intercludantur
1116 2730 1177 2812 ita,
1197 2730 1256 2791 uti·
1269 2729 1359 2792 fores
1383 2727 1444 2788 ha-

268 2850 386 2931 beant,
408 2870 468 2934 per
488 2868 569 2932 quas
589 2850 708 2912 itinera
731 2868 854 2934 pronao
866 2822 964 2911 fiant.

355 2968 384 3028 2.
419 2965 500 3050 (39.)
529 2964 612 3029 Item
643 2967 671 3029 si
701 2967 805 3030 maior
834 2967 895 3030 erit
924 2963 1080 3047 latitudo,
1109 2985 1204 3049 quam
1234 2959 1333 3046 pedes
1362 2957 1443 3039 XL,

225 3105 251 3146 ao
269 3085 438 3150 columnae
464 3091 576 3148 contra
599 3085 750 3168 regiones
762 3059 1013 3165 columnarum,
1037 3103 1121 3168 qnae
1136 3082 1222 3142 inter
1235 3091 1329 3140 antas
1347 3085 1441 3158 sunt,

267 3206 426 3267 introrsus
447 3200 664 3282 collocentur3
684 3209 715 3263 et
735 3199 797 3263 hae
813 3200 1018 3264 altitudinem
1034 3198 1176 3260 habeant
1194 3216 1313 3280 aeque,
1334 3217 1440 3280 quam

269 3345 352 3409 quae
378 3320 510 3386 suntin
532 3320 656 3400 fronte,
685 3319 919 3381 crassitudines
948 3325 1056 3380 autem
1079 3335 1191 3376 earum
1215 3320 1442 3375 extenuentur

268 3442 320 3504 his
345 3437 542 3519 rationibus,
565 3438 613 3499 uti
634 3436 662 3499 si
684 3445 799 3500 octava
817 3448 911 3518 parte
934 3440 1043 3515 erunt,
1065 3453 1148 3517 quae
1167 3438 1244 3494 sunt
1263 3431 1297 3493 in
1314 3428 1440 3510 fronte,

269 3558 329 3621 hae
355 3556 436 3619 fiant
463 3555 497 3619 X
524 3564 650 3641 partes,
682 3555 733 3615 sin
761 3559 870 3613 autem
890 3549 992 3613 VIIII
1019 3557 1075 3611 aut
1104 3548 1245 3629 decima,
1275 3567 1333 3632 pro
1362 3555 1437 3609 rata

225 3702 251 3743 25
269 3683 371 3762 parte.
417 3675 498 3760 (40.)
522 3673 562 3735 ln
581 3669 733 3736 concluso
755 3670 841 3732 enim
861 3675 936 3730 aere
960 3668 1090 3752 siquae
1113 3671 1308 3729 extenuatae
1328 3670 1437 3744 eruut,

185 3841 189 3848 -
268 3816 335 3859 non
371 3792 603 3857 discernentur.
659 3786 716 3850 Sin
748 3794 856 3849 autern
890 3783 1089 3850 videbuntur
1119 3782 1326 3866 gracilioreS,
1360 3803 1436 3844 curn

270 3909 487 3978 exterioribus
509 3907 632 3973 fuerint
654 3907 752 3970 striae
774 3903 844 3967 XX
865 3913 923 3967 aut
941 3900 1098 3983 XXIIII,
1127 3902 1162 3964 in
1190 3900 1241 3964 his
1261 3899 1437 3962 faciendae

154 4062 166 4083 -
270 4038 364 4096 erunt
382 4027 535 4093 XXVIII
558 4034 614 4088 aut
634 4021 784 4088 XXXII.
830 4022 882 4085 lta
910 4020 997 4106 quod
1024 4019 1208 4084 detrahitur
1237 4017 1277 4081 dc
1299 4037 1437 4100 corpore

255 4151 377 4237 scapi,
412 4147 564 4211 striarum
597 4164 732 4207 numero
771 4140 899 4204 adiecto
934 4137 1152 4222 adaugebitur
1188 4136 1314 4198 ratione
1346 4132 1437 4220 quod

225 4288 250 4331 ao
269 4270 376 4332 minus
395 4263 578 4345 videbitur,
602 4269 634 4326 et
655 4262 703 4324 ita
722 4258 958 4344 exaequabitur
978 4256 1103 4342 dispari
1124 4255 1249 4324 ratione
1262 4251 1437 4334 ¹columna-

268 4405 342 4448 rum
362 4379 556 4446 crassitudo.
600 4379 631 4442 3.
661 4376 734 4441 Hoc
759 4385 868 4440 autem
895 4373 996 4439 efficit
1023 4392 1063 4436 ea
1082 4371 1182 4454 ratio,
1212 4369 1299 4457 quod
1322 4367 1437 4434 oculus
