3006 5170
249 428 268 488 6
597 479 599 482 .
751 431 909 482 VITRUVll

247 590 340 678 plina
372 591 443 655 sine
466 591 599 676 ingenio
627 589 807 676 perfectum
833 585 990 651 artificem
1016 591 1124 671 potest
1153 580 1299 667 efficere,
1330 591 1370 647 et
1401 593 1460 648 ut

248 710 411 774 litteratus
434 711 494 793 sit,
524 712 648 795 peritus
670 707 864 795 graphidos,
894 703 1041 769 eruditus
1065 702 1258 789 geometria,
1294 703 1456 790 optices

248 851 314 893 non
332 803 482 914 ignarus,
505 829 683 892 instructus
699 826 920 907 arithmetica,
940 822 1093 888 historias
1115 821 1297 908 complures
1321 843 1455 886 nove-

188 919 193 928 ·
248 947 308 1030 rit,
324 946 534 1035 philosophos
552 945 727 1031 diligenter
742 945 923 1028 audiverit,
940 943 1099 1006 musicam
1114 942 1263 1024 sciverit,
1285 939 1452 1004 medici-

220 1045 311 1131 anae
333 1089 400 1132 non
422 1068 465 1131 sit
487 1068 638 1151 ignarae,
661 1085 819 1152 responsa
833 1062 1136 1128 iurisconsultorum
1151 1060 1296 1143 noverit,
1318 1066 1450 1124 astro-

249 1183 370 1269 logiam
394 1185 542 1271 caelique
562 1183 706 1248 rationes
729 1183 879 1268 cognitas
901 1180 1032 1245 habeat.

332 1374 363 1434 4.
409 1367 502 1450 Quae
523 1389 582 1434 cur
603 1368 651 1432 ita
672 1369 755 1452 sint,
777 1369 839 1434 hae
861 1376 937 1432 sunt
956 1388 1086 1434 causae.
1115 1366 1258 1432 Litteras
1281 1365 1444 1430 archite-

247 1496 335 1554 ctum
356 1489 439 1554 scire
457 1495 599 1575 oportet,
622 1489 671 1552 uti
692 1487 933 1552 commentariis
954 1487 1142 1551 memoriam
1161 1485 1336 1550 firmiorem
1352 1485 1442 1550 effi-

249 1629 322 1671 cere
343 1607 458 1693 possit.
496 1607 628 1672 Deinde
650 1606 827 1694 graphidos
850 1607 1021 1670 scientiam
1039 1603 1160 1669 habere
1171 1653 1180 1687 ,
1205 1626 1268 1690 quo
1286 1603 1439 1670 facilius

205 1751 230 1793 ro
249 1723 493 1810 exemplaribus
518 1725 616 1808 pictis
639 1745 736 1810 quarn
761 1725 840 1790 velit
861 1725 969 1812 operis
995 1725 1137 1812 speciem
1158 1722 1343 1788 deformare
1367 1745 1439 1788 va-

247 1843 322 1906 leat.
368 1841 556 1906 Geometria
583 1850 692 1905 autem
725 1842 820 1928 plura
852 1842 1018 1929 praesidia
1047 1850 1194 1930 praestat
1224 1842 1437 1907 architectu-

246 1981 319 2044 rae,
353 1967 386 2024 et
412 1961 553 2046 primunr
580 1981 619 2023 ea
655 1959 895 2046 euthygrammi
927 1970 960 2026 et
987 1961 1101 2026 circini
1129 1959 1232 2024 tradit
1254 1982 1369 2043 usum,
1411 1984 1435 2025 e

247 2100 311 2164 quo
344 2078 489 2142 maxime
521 2079 654 2142 facilius
685 2078 908 2144 aedificiorum
923 2065 972 2143 'in
1000 2082 1085 2144 areis
1118 2079 1337 2167 expediuntur
1366 2079 1432 2144 de-

247 2198 457 2283 scriptioneS,
483 2219 734 2284 normarumque
757 2205 788 2261 et
806 2197 1016 2263 librationum
1038 2207 1070 2263 et
1089 2198 1250 2262 linearum
1269 2197 1431 2263 directio-

205 2336 228 2378 u
246 2337 315 2380 nes.
360 2315 444 2381 Item
473 2337 531 2402 per
557 2316 688 2403 opticen
715 2316 750 2380 in
776 2316 935 2382 aedificiis
959 2339 979 2380 a
1000 2319 1098 2382 certis
1121 2315 1312 2404 regionibus
1335 2318 1429 2382 caeli

245 2433 370 2500 lumina
390 2444 477 2500 recte
501 2435 693 2501 ducuntur.‘
720 2435 784 2500 Per
808 2436 1035 2501 arithmeticen
1060 2457 1138 2502 vero
1161 2443 1307 2522 sumptus
1329 2435 1427 2500 aedi-

244 2553 391 2618 ficiorum
409 2562 690 2637 consummantur,
711 2577 937 2619 mensurarum
953 2556 1095 2619 rationes
1113 2554 1333 2642 explicantur,
1355 2554 1425 2620 dif-

244 2669 413 2757 ficilesque
436 2673 699 2756 symmetriarum
720 2674 928 2758 quaestiones
951 2673 1157 2757 geometricis
1179 2672 1362 2738 rationibus
1386 2686 1424 2739 et

249 2785 411 2850 methodis
433 2787 655 2852 inveniuntur.

201 2972 228 3013 ro
331 2957 361 3016 5.
385 2954 446 3039 (7.)
470 2954 636 3020 Historias
648 2964 759 3021 autem
773 2957 884 3045 plures
897 2959 1029 3024 novisse
1048 2967 1190 3046 oportet,
1211 2960 1299 3045 quod
1312 2961 1419 3027 multa

246 3078 436 3134 ornamenta
457 3095 554 3160 saepe
573 3075 606 3138 in
629 3075 781 3160 operibus
805 3076 973 3141 architecti
994 3076 1188 3162 designant,
1224 3076 1264 3141 de
1296 3080 1417 3164 quibus

245 3188 447 3272 argumentis
459 3193 634 3276 rationem,
649 3214 707 3257 cur
718 3193 871 3278 fecerint,
885 3194 1116 3281 quaerentibus
1132 3196 1269 3262 reddere
1286 3197 1415 3264 debent.

247 3306 528 3389 Quemadmodum
557 3312 585 3373 si
609 3313 682 3397 quis
705 3320 832 3377 statuas
852 3335 1050 3379 marmoreas
1070 3314 1246 3380 muliebres
1271 3316 1414 3402 stolatae,

247 3447 331 3513 quae
354 3425 539 3511 caryatides
565 3426 733 3513 dicuntur,
753 3453 812 3516 pro
834 3430 992 3496 columnis
1015 3433 1051 3496 in
1075 3454 1170 3517 opere
1193 3412 1357 3518 statuerit,
1382 3449 1414 3502 et

201 3564 227 3604 aa
247 3545 380 3628 insuper
409 3544 551 3608 mutulos
578 3553 611 3608 et
641 3567 776 3611 coronas
804 3547 1027 3633 collocaverit,
1055 3552 1342 3638 percunctantibus
1365 3557 1413 3619 ita

246 3659 362 3726 reddet
384 3661 554 3725 rationem.
587 3662 696 3749 Carya
715 3665 831 3730 civitas
855 3665 1113 3754 Peloponnensis
1136 3693 1209 3734 cum
1230 3671 1338 3736 Persis
1357 3673 1411 3739 ho=

247 3777 353 3842 stibus
381 3787 495 3844 contra
524 3780 696 3846 Graeciam
723 3783 903 3849 consensit:
934 3794 1048 3872 postea
1076 3788 1195 3853 Graeci
1225 3812 1283 3876 per
1313 3792 1410 3857 victo-

246 3895 328 3959 riam
343 3893 492 3982 'gloriose
514 3899 601 3964 bello
623 3899 755 3982 liberati
778 3905 941 3969 communi
968 3906 1103 3971 consilio
1127 3907 1323 3992 Caryatibus
1344 3909 1409 3975 bel-

247 4015 314 4078 lum
334 4014 535 4082 indixerunt.
580 4019 699 4107 Itaque,
719 4021 837 4108 oppido
861 4031 973 4110 capto,
1001 4025 1080 4089 viris
1103 4023 1299 4110 interfectis,
1334 4028 1409 4093 civi-

204 4155 231 4197 ao
248 4141 315 4197 tate
338 4132 460 4216 deleta,
491 4144 658 4200 matronas
688 4125 797 4203 eorum
825 4142 860 4205 in
888 4141 1076 4205 servitutem
1101 4138 1324 4224 abduxerunt,
1350 4169 1409 4214 nec

249 4257 325 4313 sunt
344 4251 434 4335 passi
456 4252 557 4316 stolas
577 4275 683 4338 neque
708 4264 841 4322 ornatus
861 4254 1056 4322 matronales
1079 4256 1256 4343 deponere,
1279 4259 1326 4322 uti
1344 4283 1406 4331 non

248 4385 313 4430 uno
332 4367 496 4455 triumpho
515 4369 726 4455 ducerentur,
743 4373 805 4437 sed
823 4383 954 4438 aeterno
971 4373 1138 4439 servitutis
1155 4376 1305 4464 exemplo
1318 4385 1404 4463 gravi
