3028 5164
258 401 318 462 166
761 407 917 454 ιιιιιιιιιι

344 566 426 653 (17.)
449 564 529 628 Ideo
550 543 637 648 quod
652 561 779 646 antiqui
795 561 881 625 fabri
897 558 1038 644 quodam
1057 560 1092 622 in
1113 557 1185 623 loco
1204 557 1454 635 aedificantes,
1507 531 1508 602 l

258 707 331 749 cum
355 685 400 746 ita
423 683 463 746 ab
491 681 704 745 interioribus
732 677 914 766 parietibus
941 676 985 739 ad
1015 685 1179 740 extremas
1202 684 1324 760 partes
1352 675 1455 757 tigna

258 803 476 890 prominentia
490 799 681 864 habuissent
697 795 855 861 collocata
862 844 871 878 ,
887 795 973 859 inter
983 796 1076 880 tigna
1090 802 1306 876 struxerunt,
1328 814 1455 878 supra-

259 943 322 1008 que
345 939 481 983 coronas
510 924 542 980 et
569 916 703 1000 fastigia
725 915 911 979 venustiore
935 914 1043 999 specie
1074 912 1250 976 fabrilibus
1273 910 1452 997 operibus

230 1045 476 1119 tornaverunt3
504 1044 574 1099 tum
602 1035 802 1120 proiecturas
834 1033 1015 1116 tignorum,
1043 1039 1201 1116 quantum
1230 1029 1452 1110 eminebant,

259 1157 302 1220 ad
335 1156 455 1219 lineam
486 1160 519 1216 et
549 1150 817 1238 perpendiculum
847 1152 1009 1237 parietum
1039 1157 1320 1235 praesecuerunt3
1360 1168 1453 1232 quae

261 1275 386 1362 species
411 1292 484 1336 cum
510 1271 686 1335 invenusta
713 1270 755 1332 iis
783 1268 857 1331 visa
885 1277 987 1352 esset,
1018 1267 1156 1334 tabellas
1184 1268 1231 1330 ita
1258 1266 1450 1347 formatas,

260 1393 308 1456 uti
319 1412 406 1454 nunc
427 1389 540 1454 fiuntt
496 1385 701 1473 triglyphi,
725 1396 799 1451 cont
800 1408 837 1451 ra
852 1388 1016 1471 tignorum
1033 1385 1255 1470 praecisiones
1271 1387 1311 1448 in
1331 1385 1451 1448 fronte

261 1510 417 1592 fixerunt,
451 1515 484 1569 et
508 1527 563 1569 eas
593 1527 668 1568 cera
695 1505 845 1569 caerulea
875 1505 1165 1592 depinxerunt,u
1166 1503 1449 1589 tpraecisiones
1507 1581 1508 1584 Ἴ

220 1658 244 1698 10
261 1629 426 1712 tignorum
442 1632 509 1688 tect
511 1646 548 1686 ae
570 1646 636 1687 non
658 1623 859 1689 offenderent
880 1625 999 1688 visum.
1043 1620 1095 1684 lta
1116 1621 1298 1686 divisiones
1331 1621 1449 1706 tigno-

262 1767 332 1812 rum
362 1751 467 1808 tectae
499 1741 736 1827 triglyphorum
773 1741 1020 1828 dispositionem
1050 1751 1083 1805 et
1110 1740 1305 1824 intertignia
1336 1747 1449 1802 meto·
1507 1769 1508 1830 ι

262 1885 374 1949 parum
397 1858 517 1923 habere
539 1861 572 1921 in
593 1859 724 1922 Derieis
747 1860 899 1945 operibus
922 1866 1109 1946 coeperunt.

1507 1641 1508 1698 l

1507 1699 1508 1768 l

348 2047 377 2107 3.
406 2042 486 2130 (18.)
516 2041 635 2104 Postea
659 2042 715 2105 alii
743 2045 778 2108 in
806 2045 879 2110 aliis
907 2045 1060 2130 operibus
1089 2045 1132 2108 ad
1160 2043 1443 2132 perpendiculum

1332 2141 1335 2148 ’
1507 2147 1508 2194 l

260 2160 501 2248 triglyphorum
532 2158 717 2223 cantherios
752 2165 973 2247 prominentes
999 2165 1221 2249 proiecerunt,
1254 2183 1445 2247 eorumque

219 2302 244 2343 ιι
260 2282 460 2369 proiecturas
483 2280 694 2342 simaverunt.
739 2278 794 2341 Ex
811 2303 849 2344 eo
866 2282 915 2344 uti
938 2303 955 2344 e
975 2282 1141 2366 tignorum
1156 2279 1441 2366 dispositionibus
1507 2317 1508 2362 ι

261 2397 474 2485 triglyphi,i
462 2405 509 2460 1ta
539 2418 556 2460 e
585 2404 661 2459 cant
648 2395 826 2460 theriorum
856 2399 1051 2482 proiecturis
1073 2397 1270 2462 mutulorum
1293 2398 1361 2462 sub
1387 2419 1440 2461 co·
1507 2405 1508 2440 ³

261 2517 349 2584 ronis
385 2517 468 2580 ratio
503 2522 553 2578 est
585 2515 731 2578 inventa
781 2514 834 2577 Ita
867 2514 978 2578 fere
969 2539 1004 2580 ιιι
1037 2516 1191 2603 operibus
1225 2517 1372 2603 lapideis
1407 2524 1440 2579 et
1507 2519 1508 2560 ἲ

261 2633 452 2698 marmoreis
473 2639 542 2694 mut
529 2631 590 2694 tuli
610 2631 775 2695 inclinatis
796 2631 968 2717 scalpturis
990 2632 1174 2697 deformant
1161 2641 1229 2717 tur,
1252 2637 1377 2722 quod'
1366 2635 1439 2698 uni·
1507 2647 1508 2732 p

260 2751 342 2815 tatio
372 2757 421 2812 est
451 2748 706 2830 cantheriorum3
741 2750 861 2812 etenim
889 2751 1074 2813 necessario
1102 2761 1197 2847 propt
1199 2775 1277 2816 ers
1262 2751 1440 2817 stillicidia
1507 2743 1508 2800 ἶ

217 2891 244 2931 ro
261 2867 434 2952 proclinati
467 2864 677 2930 collocantur.
736 2865 817 2952 (19.)
850 2866 1001 2951 Ergoet
1032 2867 1271 2954 triglyphorum
1302 2880 1336 2935 et
1367 2892 1438 2934 mu·

262 2983 433 3047 t'ulorum
424 3005 459 3046 ιιι
482 2982 613 3048 Doricis
636 2984 791 3070 operibus
806 2985 890 3047 ratio
909 3005 951 3047 ex
966 3005 1005 3047 ea
1020 2983 1126 3046 imitat
1092 2986 1201 3049 aione
1218 2989 1357 3054 inventa
1374 2997 1434 3052 est.

346 3153 377 3213 4.
406 3149 480 3214 Non
504 3153 607 3235 enim,
629 3151 903 3238 quemadmodum
925 3151 1074 3216 nonnulli
1098 3162 1207 3217 errant
1209 3177 1243 3218 es
1194 3154 1435 3236 tdixerunt,

129 3281 143 3298 ·
260 3270 478 3334 fenestrarum
498 3271 660 3355 imagines
683 3293 755 3334 esse
783 3270 987 3356 triglyphos,
1016 3270 1062 3332 ita
1091 3279 1198 3356 potest
1225 3294 1314 3354 esse,
1346 3271 1435 3360 quod

260 3389 296 3454 in
318 3387 447 3472 angulis
474 3396 650 3474 contraque
681 3396 838 3452 tetrantes
869 3387 1094 3452 columnarum
1123 3388 1282 3476 triglyphi
1311 3390 1431 3454 consti-

216 3527 242 3566 ιι
259 3514 412 3589 tuuntur,
441 3505 561 3591 quibus
589 3507 624 3570 in
651 3507 731 3570 locis
758 3507 889 3570 omnino
924 3527 989 3570 non
1016 3507 1140 3591 patitur
1167 3529 1237 3590 res,
1266 3507 1430 3572 fenestras

259 3623 340 3688 fieri.
385 3623 622 3688 Dissolvuntur
656 3625 742 3688 enim
773 3623 969 3708 angulorum
996 3624 1031 3687 in
1060 3623 1219 3688 aedificiis
1247 3626 1428 3705 iuncturae,

261 3741 288 3804 si
311 3743 346 3804 in
367 3741 419 3805 his
448 3741 665 3806 fenestrarum
693 3740 816 3804 fuerint
843 3740 968 3805 lumina
997 3740 1122 3804 relicta.
1168 3742 1345 3827 Etiamque
1374 3743 1429 3806 ubi
1507 3785 1508 3814 ,

260 3882 347 3925 nunc
376 3858 535 3946 triglyphi
563 3861 821 3942 constituuntur,
857 3860 885 3923 si
919 3859 966 3922 ibi
996 3859 1155 3922 luminum
1189 3862 1295 3947 spatia
1326 3861 1428 3926 fuisse
1507 3847 1508 3898 i

260 3977 507 4060 iudicabuntur,
532 3978 649 4042 iisdem
672 3987 723 4041 rat
710 3978 854 4043 tionibus
884 3978 962 4042 dent
964 3976 1077 4041 iculi
1068 4001 1102 4040 m
1127 3976 1249 4042 Ionicis
1272 3979 1428 4045 fenestra·

225 4119 331 4163 sorum
367 4097 578 4180 occupavisse
609 4095 681 4159 loca
717 4096 877 4161 videbunt
864 4105 927 4160 tur.
984 4096 1131 4180 Utraque
1164 4097 1251 4158 cuim
1281 4105 1314 4161 et
1344 4098 1428 4162 inter
1507 4083 1508 4138 l

260 4213 338 4276 dent
339 4211 441 4276 iculos
465 4222 498 4276 ct
527 4213 561 4275 in
563 4219 612 4276 ter
632 4213 816 4300 triglyphos
843 4235 928 4301 quae
957 4215 1069 4276 sunt'
1060 4213 1234 4278 intervalla
1241 4262 1250 4296 ,
1278 4223 1425 4302 metopae
1507 4179 1508 4310 l

259 4329 483 4411 nominantur3
505 4319 588 4404 ὀπὰς
610 4331 696 4392 enim
719 4331 839 4395 Graeci
860 4333 1026 4416 tignorum
1052 4330 1205 4396 cubicula
1227 4339 1260 4395 et
1282 4353 1426 4396 asserum
