3028 5164
277 445 340 508 206
777 458 936 505 vrrnuvn

361 611 501 698 Insuper
522 609 735 674 fundamenta
763 608 902 696 lapideis
933 617 965 672 et
989 614 1180 677 marmoreis
1205 613 1308 696 copiis
1331 609 1478 696 grada-

277 730 382 792 tiones
412 728 453 793 ab
486 727 727 792 substructione
756 726 828 792 fieri
861 726 991 793 debent.
1043 733 1073 792 4.
1107 729 1383 794 Praecinctiones
1424 726 1475 790 ad

277 845 469 910 altitudines
490 846 691 935 theatrorum
713 867 771 932 pro
793 853 866 908 rata
887 853 979 932 parte
999 845 1171 910 faciendae
1192 845 1371 927 videntur,
1409 866 1477 906 ne-

279 986 341 1052 que
364 964 513 1046 altiores,
534 985 630 1050 quam
654 971 775 1050 quanta
795 963 1047 1049 praecinctionis
1069 965 1198 1029 itineris
1222 965 1264 1028 sit
1291 961 1472 1042 latitud03

249 1083 307 1148 osi
329 1084 415 1146 enim
437 1081 634 1146 excelsiores
657 1080 794 1163 fuerint,
816 1081 974 1168 repellent
997 1090 1030 1146 et
1056 1083 1188 1146 eiicient
1216 1104 1259 1146 ex
1279 1082 1469 1168 superiore

278 1209 371 1287 parte
393 1198 523 1280 vocem,
551 1219 612 1262 nec
637 1199 804 1282 patientur
832 1200 868 1262 in
897 1198 1031 1264 sedibus
1057 1201 1209 1283 summis,
1238 1221 1322 1286 quae
1353 1219 1471 1284 supra

280 1317 536 1404 praecinctiones
567 1322 656 1395 sunt,
684 1315 859 1380 verborum
890 1338 986 1382 casus
1018 1327 1108 1382 certa
1136 1317 1383 1402 significatione
1421 1315 1470 1378 ad

279 1457 375 1499 aures
403 1435 585 1521 pervenire.
630 1433 675 1496 Et
701 1433 743 1497 ad
771 1457 929 1498 summam
957 1437 1004 1499 ita
1030 1443 1080 1499 est
1106 1434 1376 1521 gubernandum,
1411 1435 1467 1496 uti

280 1554 368 1617 linea
389 1575 463 1616 cum
482 1551 524 1616 ad
546 1553 647 1614 imum
675 1551 812 1636 gradum
841 1562 874 1617 et
905 1554 947 1618 ad
980 1576 1141 1618 summum
1170 1561 1303 1617 extenta
1337 1552 1464 1634 fuerit,

240 1696 265 1736 ro
282 1673 392 1737 omnia
417 1671 587 1735 eacumina
613 1669 774 1755 graduum
801 1670 1005 1757 angulosque
1038 1681 1169 1758 tangat3
1202 1673 1250 1735 ita
1283 1693 1352 1736 vox
1392 1693 1466 1734 non

280 1789 486 1876 impedietur.

367 1964 396 2022 5.
422 1956 503 2042 (20.)
527 1955 647 2018 Aditus
670 1954 853 2042 complures
878 1965 910 2019 et
932 1957 1092 2042 spatiosos
1119 1966 1245 2044 oportet
1267 1957 1463 2043 disponere,

280 2099 341 2140 neo
363 2076 552 2138 coniunctos
576 2073 760 2158 superiores
787 2073 1018 2159 inferioribus,
1049 2075 1106 2139 sed
1135 2098 1177 2138 ex
1199 2074 1349 2139 omnibus
1374 2075 1463 2140 loeis

280 2202 455 2283 perpetuos
484 2198 517 2254 et
541 2190 681 2255 directos
705 2193 775 2253 sinc
799 2192 980 2256 inversuris
1009 2193 1194 2276 faciendos,
1221 2194 1269 2257 uti
1297 2217 1373 2256 cum
1399 2216 1461 2280 po-

240 2333 265 2374 ss
281 2313 376 2400 pulus
399 2310 582 2374 dimittatur
603 2308 643 2372 de
666 2308 877 2396 spectaculis,
908 2332 949 2374 ne
970 2312 1217 2397 comprimatur,
1248 2311 1305 2375 sed
1327 2311 1458 2375 habeat

267 2405 324 2495 ¹en
344 2430 495 2495 omnibus
517 2428 598 2493 loeis
620 2430 728 2492 exitus
752 2436 919 2514 separatos
944 2431 1014 2492 sine
1037 2429 1260 2516 impeditione.

365 2617 476 2680 Etiam
499 2615 673 2699 diligenter
693 2622 743 2678 est
763 2613 1106 2698 animadvertendum,
1133 2639 1174 2680 ne
1204 2617 1246 2679 sit
1267 2616 1358 2681 locus
1382 2639 1457 2679 sur-

282 2735 359 2818 dus,
387 2734 445 2797 sed
469 2743 505 2796 ut
531 2734 567 2796 in
595 2755 632 2798 eo
655 2754 721 2796 vox
749 2753 846 2818 quam
876 2732 1057 2796 clarissime
1079 2734 1197 2817 vagari
1217 2734 1332 2819 possit.
1378 2733 1456 2798 Hoc

281 2876 359 2918 vero
378 2850 449 2914 lieri
471 2852 516 2914 ita
538 2852 672 2938 poterit,
693 2853 721 2916 si
743 2850 840 2918 locus,
855 2849 978 2913 electus
1001 2851 1116 2934 fuerit,
1137 2850 1195 2915 ubi
1210 2873 1276 2916 non
1293 2852 1455 2938 impedia-

238 2991 265 3032 ro
282 2979 335 3034 tur
355 2969 553 3034 resonantia.
600 2973 628 3032 6.
651 2969 733 3055 (21.)
756 2967 831 3032 Vox
853 2976 976 3050 autem,
999 2977 1036 3032 ut
1058 2970 1193 3056 spiritus
1216 2968 1338 3049 fluens,
1361 2971 1454 3034 ae'ris

282 3094 331 3150 est
350 3094 425 3148 actu
445 3075 610 3150 sensibilis
634 3087 763 3169 auditu,
788 3107 826 3150 ea
840 3095 990 3150 movetur
1005 3087 1200 3151 circulorum
1213 3087 1453 3152 rotundationi-

280 3205 341 3270 bus
364 3203 517 3283 infinitis,
541 3204 590 3266 uti
610 3204 638 3266 si
660 3205 695 3267 in
717 3212 855 3268 stantem
878 3226 995 3290 aquam
1016 3203 1125 3294 lapide
1148 3206 1295 3269 immisso
1313 3225 1453 3268 nascan-

280 3329 334 3387 tur
354 3320 608 3385 innumerabiles
629 3321 792 3385 undarum
815 3321 930 3386 circuli
953 3331 1134 3387 crescentes
1142 3370 1163 3407 ,.
1180 3344 1201 3386 a
1222 3332 1333 3388 centro
1353 3342 1452 3408 quam

281 3441 439 3506 latissime
466 3441 592 3528 possint
621 3449 814 3525 evagantes,
843 3440 907 3503 nisi
936 3440 1089 3524 angustia
1110 3439 1173 3505 loci
1190 3439 1451 3527 interpellaverit

238 3581 265 3620 25
282 3568 339 3622 aut
357 3558 466 3645 aliqua
489 3558 640 3641 offensio,
662 3580 745 3644 quae
768 3579 833 3622 non
851 3559 974 3643 patitur
995 3558 1239 3642 designationes
1260 3579 1372 3623 earum
1392 3579 1449 3620 un-

283 3677 396 3764 darum
422 3675 465 3739 ad
487 3676 594 3740 exitus
622 3678 811 3762 pervenire,
840 3677 951 3762 itaque
981 3697 1055 3738 cum
1082 3674 1329 3762 interpellentur
1351 3675 1449 3739 offen·

282 3792 445 3875 sionibus,
482 3794 605 3878 primae
641 3792 862 3857 redundantes
899 3793 1142 3878 insequentium
1175 3792 1362 3858 disturbant
1398 3792 1450 3856 dc-

282 3911 492 3994 signationes.
538 3913 568 3973 7.
596 3909 723 3973 Eadem
751 3912 879 3974 ratione
908 3932 975 3974 vox
1001 3913 1048 3975 ita
1080 3911 1122 3975 ad
1156 3912 1315 3974 circinum
1349 3910 1449 3973 efficit

282 4027 460 4108 motiones,
484 4027 542 4090 sed
565 4028 600 4091 in
622 4048 707 4114 equa
728 4027 842 4092 circuli
865 4027 1001 4114 planitie
1020 4030 1055 4092 in
1071 4027 1244 4092 latitudine
1259 4036 1446 4105 moventur,

240 4165 266 4206 ao
283 4167 349 4210 vox
381 4153 413 4208 et
443 4146 478 4207 in
514 4142 688 4207 latitudine
730 4147 938 4230 progreditur
975 4153 1007 4209 et
1047 4145 1254 4208 altitudinem
1290 4143 1448 4229 gradatim

283 4261 421 4326 scandit.
465 4261 572 4344 Igitur
594 4262 687 4325 utin
707 4284 793 4348 aqua
821 4264 982 4328 undarum
1010 4261 1311 4347 designationibus,
1344 4263 1391 4324 ita
1417 4261 1447 4322 in

283 4397 365 4441 voce
391 4399 464 4440 cum
492 4379 629 4443 offensio
658 4380 749 4443 nulla
769 4382 908 4465 primam
936 4381 1058 4446 undam
1081 4377 1357 4465 interpellaverit,
1385 4397 1445 4442 non
