3028 5164
267 450 327 510 170
766 455 924 507 vrruuvn

262 637 335 678 cum
366 619 514 698 paratam
547 609 715 673 habuisset
747 609 917 672 marmoris
945 609 1073 694 copiam
1107 608 1142 671 in
1171 605 1315 669 Doricae
1344 605 1453 670 aedis
1509 623 1510 628 ’

262 732 513 819 perfectionem,
548 727 761 791 commutavit
791 748 833 788 ex
862 725 975 790 cedern
1004 729 1100 813 copia
1130 736 1162 790 et
1190 747 1264 788 eam
1286 725 1453 788 Ionicam

262 851 381 914 Libero
406 847 497 911 Patri
518 846 608 909 fecit.
653 842 719 908 Sed
742 851 853 906 tamen
879 867 945 908 non
967 843 1056 930 quod
1081 846 1258 910 invenusta
1286 852 1337 908 est
1366 867 1454 930 spe-

264 971 330 1033 cios
353 976 408 1030 aut
423 987 526 1050 genus
547 969 603 1025 aut
626 962 748 1025 formae
771 962 932 1046 dignitas3
957 962 1015 1026 sed
1037 961 1124 1048 quod
1146 962 1306 1048 impedita
1329 973 1388 1026 est
1415 973 1453 1026 et

236 1109 248 1147 s
265 1084 470 1151 incommoda
487 1083 522 1145 in
543 1103 639 1166 opere
661 1079 899 1166 triglyphorum
917 1089 948 1144 et
968 1080 1211 1143 lacunariorum
1233 1080 1451 1145 distributio
1509 1135 1510 1142 ,

265 1207 294 1266 2.
316 1203 466 1287 Namque
497 1219 631 1262 necesse
661 1206 726 1280 est,
760 1198 944 1282 triglyphos
974 1198 1129 1262 constitui
1162 1207 1276 1262 contra
1305 1199 1450 1262 medios
1509 1223 1510 1228 ¹

263 1327 421 1386 tetrantes
458 1318 699 1398 columnarum,
738 1324 964 1402 metopasque,
1002 1339 1087 1402 quae
1127 1317 1214 1380 inter
1248 1316 1451 1403 triglyphos

263 1441 358 1523 fient,
383 1460 485 1524 aeque
507 1437 621 1520 longas
645 1457 834 1521 essequam
854 1435 947 1498 altas.
994 1433 1182 1521 Contraque
1201 1436 1235 1497 in
1256 1435 1449 1520 angulares
1509 1419 1510 1476 Ϊ

265 1558 430 1623 columnas
453 1554 611 1642 triglyphi
636 1555 670 1616 in
693 1552 847 1616 extremis
867 1553 1017 1639 partibus
1034 1555 1292 1635 constituuntur,
1317 1561 1351 1616 et
1371 1577 1449 1618 non
1509 1599 1510 1604 η

223 1685 378 1742 incontra
401 1675 525 1738 medios
547 1680 723 1754 tetrantes,
752 1671 799 1734 ita
820 1679 984 1757 metopae,
1013 1693 1098 1758 quae
1119 1671 1289 1756 proximae
1312 1671 1358 1733 ad
1383 1694 1450 1734 an-

264 1794 394 1879 gulares
415 1792 598 1878 triglyphos
620 1790 720 1871 fiunt,
740 1811 807 1854 non
827 1799 948 1854 exeunt
971 1789 1164 1877 quadratae,
1188 1788 1247 1852 sed
1263 1787 1449 1874 oblongio-
1509 1851 1510 1866 ,

263 1935 316 1976 res
346 1910 505 1996 triglyphi
534 1909 671 1973 dimidia
703 1907 887 1971 latitudine.
932 1908 1068 1995 Atqui
1095 1915 1244 1995 metopas
1277 1909 1448 1994 aequales
1509 1949 1510 1988 3

263 2029 378 2093 volunt
414 2027 537 2109 facere,
573 2026 823 2091 intercolumnia
860 2035 1006 2090 extrema
1041 2025 1238 2089 contrahunt
1270 2025 1449 2112 triglyphi

267 2145 403 2210 dimidia
431 2145 615 2208 latitudine.
660 2143 732 2209 Hoc
755 2153 864 2208 autem
893 2145 963 2208 sive
991 2145 1025 2209 in
1052 2152 1256 2231 metoparum
1290 2145 1448 2228 longitu-

225 2285 249 2326 15
266 2264 416 2347 dinibus,
440 2265 509 2329 sive
530 2263 850 2328 intercolumniorum
874 2263 1152 2328 contractionibus
1174 2261 1355 2344 efficiatur,
1379 2265 1448 2328 'est

265 2383 466 2448 mendosum.
519 2380 727 2468 Quapropter
753 2383 879 2469 antiqui
906 2383 1010 2447 vitare
1038 2357 1103 2447 visi
1131 2388 1207 2444 sunt
1234 2379 1269 2442 in
1296 2379 1445 2445 aedibus

268 2503 368 2567 sacris
389 2501 533 2566 Doricae
557 2501 764 2586 symmetriae
783 2502 952 2565 rationem.

353 2861 382 2920 3.
407 2855 488 2940 (23.)
511 2855 579 2920 Nos
600 2865 709 2920 autem
728 2858 938 2943 exponimus,
956 2857 1015 2920 uti
1038 2856 1117 2921 ordo
1136 2853 1295 2942 postulat,
1324 2878 1448 2941 quem-

267 2972 441 3037 admodum
468 2997 488 3036 a
509 2973 773 3062 praeceptoribus
802 2975 1004 3060 accepimus,
1035 2976 1100 3056 uti,
1136 2975 1165 3037 si
1185 2965 1265 3059 'quis
1291 2971 1447 3038 voluerit

224 3117 249 3157 ro
265 3092 317 3155 his
339 3091 523 3155 rationibus
547 3092 720 3156 attendens
743 3093 790 3155 ita
813 3093 965 3177 ingredi,
986 3092 1107 3156 habeat
1128 3091 1356 3178 proportiones
1382 3113 1445 3154 ex-

264 3209 420 3295 plicatas,
443 3211 561 3295 quibus
583 3209 773 3275 emendatas
789 3219 821 3274 et
837 3212 907 3274 sine
922 3211 1013 3276 vitiis
1033 3209 1163 3272 efficere
1180 3209 1283 3293 possit
1300 3208 1445 3273 aedium

266 3350 431 3392 sacrarum
453 3327 573 3393 Dorico
596 3351 683 3394 more
704 3330 934 3415 perfectiones.
981 3328 1062 3413 (24.)
1089 3327 1195 3390 Frons
1225 3325 1317 3390 aedis
1336 3325 1447 3392 Dori-

267 3469 324 3512 cae
348 3449 383 3511 in
405 3448 491 3530 loco,
517 3469 580 3532 quo
603 3446 774 3511 columnae
796 3449 1053 3528 constituuntur,
1076 3445 1260 3528 dividatur,
1284 3447 1312 3508 si
1335 3455 1447 3511 tetra·
1509 3463 1510 3476 ¹

267 3565 370 3651 stylos
399 3566 473 3648 erit,
503 3567 537 3627 in
559 3574 667 3652 partes
695 3564 849 3644 XXVII,
880 3565 909 3628 si
939 3563 1145 3650 hexastylos,
1169 3561 1363 3645 XXXXII3
1396 3588 1445 3628 ex

222 3685 315 3748 rolris
333 3706 409 3770 pars
431 3705 496 3747 una
516 3685 578 3747 erit
596 3683 761 3766 modulus,
785 3683 841 3768 qui
862 3683 989 3746 Graece
1012 3673 1155 3763 ἐμβάτης
1177 3679 1313 3760 dicitur,
1340 3682 1445 3746 cuius

264 3800 388 3864 moduli
408 3803 638 3866 constitutione
660 3800 965 3865 ratiocinationibus
989 3800 1179 3863 efficiuntur
1201 3799 1306 3863 omnis
1325 3802 1443 3884 operis

266 3919 523 3982 distributiones.
568 3924 598 3982 4.
629 3919 710 4005 (25.)
736 3918 928 3983 Crassitudo
954 3919 1178 3983 columnarum
1206 3917 1267 3980 crit
1295 3915 1444 3982 duorum

266 4036 486 4118 modulorum,
510 4036 647 4100 altitudo
669 4059 742 4101 cum
764 4036 906 4122 capitulo
924 4035 1041 4098 XIIII.
1088 4031 1234 4121 Capituli
1251 4035 1444 4102 crassitudo

266 4157 363 4219 unius
385 4155 524 4237 moduli,
546 4154 686 4218 latitudo
710 4155 845 4219 duorum
869 4163 901 4218 et
922 4154 1046 4220 moduli
1068 4164 1182 4217 sextae
1204 4154 1323 4239 partis3
1347 4175 1444 4219 cras-

223 4272 373 4341 aositudo
395 4272 530 4358 capituli
553 4272 720 4337 dividatur
737 4274 773 4336 in
795 4279 905 4359 partes
926 4280 1008 4354 tres,
1030 4293 1047 4334 e
1069 4272 1189 4356 quibus
1208 4291 1274 4333 una
1288 4269 1443 4355 plinthus

266 4410 340 4451 cum
368 4391 510 4474 cymatio
539 4389 611 4471 fiat,
649 4389 752 4453 altera
784 4391 920 4454 echinus
948 4411 1022 4452 cum
1050 4387 1177 4470 anulis,
1210 4388 1308 4451 tertia
1335 4387 1446 4475 hypo·
1509 4399 1510 4406 ’
