3008 5162
255 441 315 502 102
757 453 914 500 virnuvn

179 625 184 636 ·
254 609 398 691 ciuntur,
431 629 504 672 cum
540 628 579 670 ea
609 607 736 670 ratione
768 612 900 670 curatae
936 606 1080 689 fuerint,
1117 607 1241 672 habere
1274 615 1425 693 poterunt

254 747 390 811 magnas
410 727 446 790 in
464 725 622 790 aedificiis
644 724 687 788 ad
706 732 905 788 vetustatem
927 723 1097 788 utilitates.

342 965 372 1025 5.
396 959 477 1048 (51.)
501 962 570 1025 Eae
593 962 700 1026 autem
714 963 801 1027 inter
823 986 857 1027 se
874 964 1098 1050 discrepantes
1117 972 1150 1027 et
1173 961 1348 1026 dissimiles
1372 962 1427 1024 ha-

226 1081 336 1146 sbent
362 1081 518 1163 virtutes,
551 1082 600 1144 uti
621 1080 738 1165 robur,
772 1083 894 1165 ulmus,
928 1081 1085 1168 populus,
1116 1102 1306 1166 cupressus,
1334 1080 1426 1143 abies

256 1207 463 1284 ceteraeque,
486 1221 570 1284 quae
585 1201 728 1264 maxime
750 1202 785 1264 in
807 1200 965 1266 aedificiis
990 1209 1066 1264 sunt
1084 1199 1233 1264 idoneae.
1277 1199 1426 1284 Namque

256 1340 321 1381 non
345 1325 452 1403 potest
472 1317 506 1380 id
528 1317 638 1403 robur,
662 1319 750 1406 quod
769 1319 878 1402 abies,
903 1341 964 1384 nec
984 1341 1176 1406 cupressus,
1199 1317 1426 1404 quodulmus3

256 1459 317 1500 nec
338 1445 466 1501 ceterae
489 1438 620 1501 easdem
642 1438 764 1503 habent
786 1440 873 1502 inter
895 1461 930 1502 se
951 1446 1069 1501 natura
1091 1459 1200 1500 rerum
1224 1437 1428 1517 similitates3

259 1556 317 1620 sed
339 1553 470 1640 singula
486 1577 608 1640 genera
623 1557 858 1643 principiorum
872 1556 1127 1642 proprietatibus
1143 1563 1332 1641 comparata
1347 1553 1429 1616 alios

216 1693 240 1733 io
259 1674 315 1736 alii
333 1672 464 1757 generis
486 1681 654 1757 praestant
672 1675 707 1736 in
729 1675 883 1769 operibus
906 1674 1051 1739 effectus.

345 1909 375 1968 6.
395 1905 439 1969 Et
459 1909 599 1992 primum
622 1909 713 1973 abies
736 1911 822 1974 aeris
842 1910 968 1976 habens
991 1903 1167 1997 plurimum
1186 1873 1222 1972 'et
1245 1910 1350 1994 ignis,
1373 1911 1432 1972 mi-

258 2027 446 2110 nimumque
471 2025 616 2090 humoris
646 2036 678 2092 et
698 2029 836 2110 terreni,
863 2029 1043 2093 levioribus
1066 2051 1176 2092 rerum
1199 2037 1318 2093 natura
1340 2037 1432 2114 pote-

260 2144 400 2207 statibus
422 2154 623 2231 comparata,
645 2169 711 2210 non
726 2156 777 2211 est
792 2148 985 2234 ponderosa.
1031 2146 1147 2232 Itaque
1161 2147 1272 2231 rigore
1287 2147 1431 2209 naturali

261 2269 412 2326 contenta
435 2286 501 2328 non
524 2265 588 2330 cito
608 2265 750 2329 flectitur
771 2267 812 2330 ab
836 2289 950 2349 onere,
975 2265 1033 2329 sed
1055 2265 1179 2328 directa
1200 2275 1373 2351 permanet
1397 2267 1432 2328 in

219 2405 243 2446 15
261 2381 523 2466 contignatione3
543 2384 601 2448 sed
624 2406 681 2466 ea,
705 2385 793 2471 quod
812 2385 910 2448 habet
929 2385 964 2446 in
980 2405 1014 2446 se
1030 2381 1104 2469 plus
1122 2383 1257 2467 caloris,
1280 2393 1434 2469 procreat

261 2509 293 2564 et
319 2500 377 2564 alit
404 2503 524 2565 cariem
547 2502 588 2566 ab
611 2525 713 2589 eaque
742 2503 895 2585 vitiatur,
923 2503 1085 2587 etiamque
1112 2500 1186 2565 ideo
1209 2502 1360 2565 celeriter
1382 2524 1434 2565 ac-

260 2618 425 2701 cenditur,
448 2619 600 2706 quodque
623 2621 708 2684 inest
724 2623 758 2684 in
784 2643 821 2686 eo
844 2643 978 2706 corpore
999 2619 1085 2683 aeris
1108 2620 1243 2700 raritas,
1268 2627 1301 2682 et
1323 2627 1359 2682 ut
1383 2628 1436 2682 est

260 2744 376 2822 patens
398 2737 517 2821 accipit
537 2739 664 2822 ignem,
694 2748 725 2804 et
751 2740 799 2802 ita
828 2738 1053 2804 vehementem
1082 2761 1125 2802 ex
1153 2760 1188 2802 se
1217 2738 1319 2801 mittit
1340 2737 1435 2800 flam-

262 2877 358 2917 mam.
404 2859 433 2917 7.
458 2853 540 2940 (52.)
564 2855 619 2918 Ex
638 2879 677 2920 ea
694 2865 819 2939 autem,
842 2865 1017 2942 antequam
1038 2865 1087 2920 est
1103 2857 1232 2938 excisa,
1256 2877 1342 2942 quae
1355 2878 1436 2941 pars

218 2997 245 3037 ao
262 2980 312 3036 est
334 2972 483 3058 proxima
504 2982 625 3058 terrae,
657 2998 715 3061 per
735 2975 864 3038 radices
891 2975 1054 3061 recipiens
1078 2997 1121 3038 ex
1142 2976 1355 3061 proximitate
1375 2975 1436 3037 hu-

261 3112 398 3173 morem,
427 3091 540 3156 enodis
569 3101 602 3157 et
627 3093 753 3178 liquida
781 3093 934 3158 efficitur.
980 3093 1074 3172 Quae
1096 3114 1174 3158 vero
1198 3101 1249 3156 est
1270 3094 1434 3179 superior,

261 3208 468 3273 vehementia
490 3212 606 3276 caloris
630 3212 757 3276 eductis
779 3213 814 3274 in
837 3219 915 3274 aera
936 3233 994 3297 per
1015 3211 1117 3275 nodos
1140 3211 1256 3292 ramis,
1281 3213 1436 3298 praecisa

252 3321 327 3390 ‘alte
350 3327 480 3392 circiter
501 3330 601 3415 pedes
622 3347 671 3392 xx
690 3338 723 3393 ct
740 3328 910 3416 perdolata
928 3336 1062 3414 propter
1075 3328 1261 3392 nodationis
1279 3328 1435 3392 duritiem

263 3443 382 3509 dicitur
402 3467 474 3509 esse
498 3446 656 3511 fusterna.
701 3447 773 3510 Ima
801 3454 928 3528 autem,
960 3468 1032 3508 cum
1059 3447 1172 3510 excisa
1200 3446 1433 3532 quadrifluviis

217 3593 244 3632 25
262 3561 462 3648 disparatur,
484 3565 586 3628 eiecto
608 3565 731 3647 torulo,
755 3586 797 3628 ex
817 3564 930 3628 eadem
953 3565 1070 3628 arbore
1092 3564 1135 3628 ad
1155 3566 1313 3629 intestina
1332 3585 1433 3652 opera

261 3689 483 3767 comparatur,
507 3689 538 3745 et
560 3684 718 3768 sappinea
739 3689 884 3747 vocatur.

346 3916 375 3978 8.
401 3917 482 4002 (53.)
507 3916 629 3981 Contra
651 3940 729 3982 vero
753 3941 891 4004 quercus
913 3922 1053 3982 terrenis
1073 3919 1309 4004 principiorum
1333 3919 1433 3981 satie·

259 4033 383 4096 tatibus
407 4019 593 4117 abundans,
617 4058 796 4123 parumque
813 4037 938 4101 habens
957 4036 1102 4102 humoris
1119 4044 1151 4100 et
1167 4038 1253 4099 aeris
1275 4046 1308 4100 et
1327 4036 1428 4120 ignis,

261 4173 335 4213 cum
355 4151 390 4214 in
410 4153 550 4216 terrenis
572 4155 724 4240 operibus
748 4155 912 4238 obruitur,
944 4154 1106 4218 infinitam
1134 4153 1235 4217 habet
1256 4153 1431 4217 aeternita-

218 4286 245 4326 so
261 4275 343 4349 tem3
378 4289 497 4351 exeo,
530 4291 603 4333 cum
631 4274 778 4356 tangitur
803 4272 951 4353 humore,
985 4294 1051 4335 non
1078 4269 1205 4334 habens
1233 4271 1431 4336 foraminum

262 4386 413 4449 raritates
444 4393 574 4472 propter
604 4387 804 4473 spissitatem
832 4411 897 4453 non
930 4395 1038 4476 potest
1070 4388 1105 4450 in
1138 4409 1256 4473 corpus
1283 4388 1431 4473 recipere
