3028 5164
261 451 322 512 172
767 461 925 508 vrrnuvn

260 616 451 682 trachelion.
499 615 719 680 Contrahatur
745 612 896 678 columna
923 615 985 698 ita,
1015 617 1064 679 uti
1093 615 1128 678 in
1155 614 1253 678 tertio
1278 612 1363 679 libro
1397 613 1442 676 de

261 736 381 800 Ionicis
405 743 455 798 est
474 735 643 824 scriptum.

348 1024 429 1108 (26.)
452 1020 609 1108 Epistylii
631 977 768 1085 altitudo
784 1021 882 1083 unius
897 1019 1021 1102 moduli
1036 1042 1109 1083 oum
1129 1021 1239 1083 taenia
1262 1029 1293 1085 et
1312 1021 1442 1106 guttis;

262 1142 372 1204 taenia
393 1139 518 1204 moduli
541 1141 694 1225 septima3
722 1147 888 1222 guttarum
911 1126 1082 1222 longitudo
1104 1137 1165 1201 sub
1188 1139 1299 1202 taenia
1321 1145 1442 1202 contra

231 1258 442 1344 striglyphos
469 1258 536 1320 alta
564 1280 637 1320 cum
662 1256 776 1341 regula
804 1265 895 1342 parte
929 1263 1024 1319 sexta
1047 1254 1170 1317 moduli
1197 1254 1439 1342 praependeat.

262 1377 346 1442 Item
369 1375 515 1462 epistylii
540 1375 679 1440 latitudo
707 1375 773 1438 ima
794 1374 992 1460 respondeat
1011 1371 1265 1460 'hypotrachelio
1288 1394 1440 1436 summae

263 1497 443 1561 columnae.

349 1763 432 1846 (27.)
470 1765 575 1847 Supra
611 1760 798 1846 epistylium
834 1759 1016 1825 collocandi
1055 1766 1131 1822 sunt
1164 1756 1323 1844 triglyphi
1357 1780 1440 1820 cum

264 1881 331 1943 suis
353 1880 507 1964 metopis,
542 1878 600 1941 alti
630 1881 726 1942 unius
757 1887 788 1942 et
816 1877 980 1941 dimidiati
1009 1876 1149 1960 moduli,
1183 1876 1242 1939 lati
1269 1877 1305 1939 in
1326 1875 1441 1942 fronte

223 2017 245 2058 ro
263 1997 359 2060 unius
388 1995 529 2078 moduli,
558 2000 604 2060 ita
632 1996 747 2079 divisi,
779 2005 816 2060 ut
842 1998 876 2060 in
904 1994 1118 2080 angularibus
1146 1993 1305 2058 columnis
1337 2001 1370 2056 et
1403 1995 1441 2056 in

265 2111 382 2175 mediis
405 2121 518 2176 contra
536 2121 694 2178 tetrantes
713 2115 840 2178 medios
858 2116 923 2178 sint
942 2111 1106 2193 collocati,
1128 2120 1160 2175 et
1174 2111 1439 2176 intercolumniis

264 2229 399 2318 reliquis
421 2231 507 2314 bini,
531 2233 565 2295 in
587 2233 704 2297 mediis
725 2254 850 2318 pronao
873 2241 905 2297 et
925 2233 1053 2319 postico
1075 2231 1178 2306 terni3
1208 2231 1254 2294 ita
1276 2209 1459 2294 relaxatis

264 2349 382 2413 mediis
415 2349 615 2434 intervallis,
653 2352 723 2415 sine
757 2349 1024 2437 impeditionibus
1058 2348 1167 2412 aditus
1200 2346 1437 2414 accedentibus

265 2469 327 2532 erit
350 2467 393 2532 ad
416 2467 548 2533 deorum
573 2469 756 2532 simulacra.
802 2475 831 2532 5.
859 2466 1115 2554 Triglyphorum
1143 2465 1283 2530 latitudo
1305 2466 1437 2532 divida-

221 2611 244 2653 ιε
263 2597 317 2652 tur
338 2589 373 2651 in
395 2596 503 2673 partes
528 2609 602 2671 sex,
634 2610 677 2652 ex
698 2588 816 2674 quibus
833 2589 985 2674 ¹quinque
1012 2593 1122 2672 partes
1145 2587 1179 2649 in
1202 2585 1325 2665 medio,
1351 2585 1436 2648 duae

265 2705 419 2768 dimidiae
443 2704 560 2768 dextra
583 2726 622 2767 ac
643 2706 776 2768 sinistra
799 2705 1012 2790 designentur
1034 2701 1163 2786 regula3
1184 2723 1250 2765 una
1273 2704 1308 2766 in
1325 2704 1436 2766 medio

264 2823 465 2886 deformetur
487 2821 593 2885 femur
600 2872 609 2906 ,
632 2823 720 2911 quod
735 2823 862 2888 Graece
884 2813 988 2905 μηρὸς
1007 2820 1144 2902 dicitur3
1166 2821 1347 2884 secundum
1365 2844 1438 2885 eam

263 2937 439 3003 canaliculi
459 2939 502 3002 ad
524 2961 656 3005 normae
679 2963 835 3005 cacumen
858 2940 1101 3024 imprimantur5
1124 2959 1166 3000 ex
1188 2937 1303 3001 ordine
1323 2961 1437 3004 eorum

264 3057 382 3122 dextra
410 3079 448 3119 ac
479 3057 611 3122 sinistra
639 3059 742 3123 altera
772 3059 894 3124 femina
924 3058 1180 3139 constituantur,
1214 3057 1248 3119 in
1277 3060 1436 3122 extremis

219 3175 411 3261 apartibus
446 3176 703 3241 semicanaliculi
730 3178 996 3241 intervertantur.
1050 3175 1132 3260 (28.)
1164 3173 1358 3260 Triglyphis
1389 3178 1437 3240 ita

264 3292 447 3373 collocatis,
474 3303 638 3380 metopae,
664 3301 848 3382 quaesunt
875 3295 961 3357 inter
987 3291 1187 3378 triglyphos,
1217 3313 1320 3378 aeque
1348 3291 1437 3356 altae

264 3414 343 3496 siut,
367 3434 463 3499 quam
487 3410 622 3497 longae3
645 3414 724 3476 item
746 3415 782 3476 in
803 3413 958 3476 extremis
974 3410 1105 3496 angulis
1123 3411 1348 3496 semimetopia
1369 3413 1437 3475 sint

263 3532 423 3616 impressa
445 3529 581 3593 dimidia
604 3529 728 3594 moduli
750 3529 933 3593 latitudine.
979 3530 1033 3593 Ita
1055 3531 1140 3594 enim
1165 3531 1243 3612 erit,
1265 3537 1302 3592 ut
1324 3529 1436 3593 omnia

263 3649 345 3712 vitia
364 3655 395 3710 et
412 3654 613 3732 metoparum
631 3655 662 3710 et
679 3647 1002 3711 intercolumniorum
1018 3656 1050 3710 et
1064 3648 1321 3729 lacunariorum,
1344 3648 1434 3733 quod

219 3790 245 3829 rs
263 3764 416 3852 aequales
445 3763 624 3830 divisiones
651 3764 758 3830 factae
786 3775 897 3849 erunt,
926 3766 1149 3830 emendentur.
1194 3768 1224 3830 6.
1257 3764 1434 3852 Triglyphi

263 3881 406 3968 capitula
427 3890 521 3946 sexta
542 3891 634 3969 parte
653 3882 777 3949 moduli
800 3892 875 3949 sunt
896 3883 1059 3950 facienda.
1165 3851 1173 3867 ⁹

346 4165 452 4254 Supra
483 4167 722 4255 triglyphorum
758 4169 902 4256 capitula
933 4191 1054 4235 corona
1085 4178 1135 4233 est
1171 4167 1365 4233 collocanda
1398 4171 1433 4231 in

262 4287 447 4371 proiectura
475 4286 632 4351 dimidiae
660 4297 692 4352 et
720 4295 833 4352 sextae
855 4288 958 4372 partis
986 4285 1110 4350 habens
1134 4286 1312 4371 cymatium
1335 4283 1431 4348 Dori-

263 4423 336 4464 cum
363 4402 398 4464 in
426 4403 507 4484 imo,
538 4402 676 4468 alterum
701 4405 735 4467 in
764 4427 906 4486 summ03
931 4406 1009 4470 item
1038 4425 1110 4467 cum
1135 4403 1286 4489 cymatiis
1310 4424 1430 4467 corona
