<?xml version="1.0" encoding="UTF-8"?>
<!DOCTYPE html PUBLIC "-//W3C//DTD XHTML 1.0 Transitional//EN"
    "http://www.w3.org/TR/xhtml1/DTD/xhtml1-transitional.dtd">
<html xmlns="http://www.w3.org/1999/xhtml" xml:lang="en" lang="en">
 <head>
  <title>
</title>
<meta http-equiv="Content-Type" content="text/html;charset=utf-8" />
  <meta name='ocr-system' content='tesseract 3.04.00' />
  <meta name='ocr-capabilities' content='ocr_page ocr_carea ocr_par ocr_line ocrx_word'/>
</head>
<body>
  <div class='ocr_page' id='page_1' title='image "./marcivitruviipo00loregoog_0052.png"; bbox 0 0 3006 5170; ppageno 0'>
   <div class='ocr_carea' id='block_1_1' title="bbox 270 447 937 506">
    <p class='ocr_par' dir='ltr' id='par_1_1' title="bbox 270 447 937 506">
     <span class='ocr_line' id='line_1_1' title="bbox 270 447 937 506; baseline -0.003 0"><span class='ocrx_word' id='word_1_1' title='bbox 270 447 310 506; x_wconf 80' lang='grc'>44</span> <span class='ocrx_word' id='word_1_2' title='bbox 779 458 937 505; x_wconf 83' lang='lat' dir='ltr'>vrruuvu</span> 
     </span>
    </p>
   </div>
   <div class='ocr_carea' id='block_1_2' title="bbox 174 610 1484 4485">
    <p class='ocr_par' dir='ltr' id='par_1_2' title="bbox 174 610 1484 4485">
     <span class='ocr_line' id='line_1_2' title="bbox 269 610 1464 698; baseline -0.002 -20"><span class='ocrx_word' id='word_1_3' title='bbox 269 615 420 698; x_wconf 82' lang='lat' dir='ltr'><strong>regiones</strong></span> <span class='ocrx_word' id='word_1_4' title='bbox 436 620 468 676; x_wconf 92' lang='lat' dir='ltr'>et</span> <span class='ocrx_word' id='word_1_5' title='bbox 489 620 578 676; x_wconf 91' lang='lat' dir='ltr'>ortus</span> <span class='ocrx_word' id='word_1_6' title='bbox 601 633 724 694; x_wconf 91' lang='lat' dir='ltr'>eorum,</span> <span class='ocrx_word' id='word_1_7' title='bbox 749 615 796 677; x_wconf 94' lang='lat' dir='ltr'>sic</span> <span class='ocrx_word' id='word_1_8' title='bbox 819 612 882 676; x_wconf 92' lang='lat' dir='ltr'>erit</span> <span class='ocrx_word' id='word_1_9' title='bbox 899 610 1172 675; x_wconf 86' lang='lat' dir='ltr'>ratiocinandum.</span> <span class='ocrx_word' id='word_1_10' title='bbox 1209 616 1239 675; x_wconf 87' lang='lat' dir='ltr'>b&#39;.</span> <span class='ocrx_word' id='word_1_11' title='bbox 1257 611 1464 677; x_wconf 77' lang='lat' dir='ltr'>Collocetur</span> 
     </span>
     <span class='ocr_line' id='line_1_3' title="bbox 271 728 1463 814; baseline -0.001 -18"><span class='ocrx_word' id='word_1_12' title='bbox 271 733 314 796; x_wconf 89' lang='lat' dir='ltr'>ad</span> <span class='ocrx_word' id='word_1_13' title='bbox 333 732 477 797; x_wconf 85' lang='lat' dir='ltr'>libellam</span> <span class='ocrx_word' id='word_1_14' title='bbox 506 753 723 796; x_wconf 91' lang='lat' dir='ltr'>marmoreum</span> <span class='ocrx_word' id='word_1_15' title='bbox 755 731 933 795; x_wconf 88' lang='lat' dir='ltr'>amussium</span> <span class='ocrx_word' id='word_1_16' title='bbox 955 728 1073 793; x_wconf 89' lang='lat' dir='ltr'>mediis</span> <span class='ocrx_word' id='word_1_17' title='bbox 1097 730 1286 814; x_wconf 90' lang='lat' dir='ltr'>moenibus,</span> <span class='ocrx_word' id='word_1_18' title='bbox 1320 739 1385 795; x_wconf 91' lang='lat' dir='ltr'>aut</span> <span class='ocrx_word' id='word_1_19' title='bbox 1409 731 1463 795; x_wconf 92' lang='lat' dir='ltr'>lo·</span> 
     </span>
     <span class='ocr_line' id='line_1_4' title="bbox 272 845 1464 936; baseline -0.003 -20"><span class='ocrx_word' id='word_1_20' title='bbox 272 874 329 916; x_wconf 91' lang='lat' dir='ltr'>eus</span> <span class='ocrx_word' id='word_1_21' title='bbox 349 853 395 915; x_wconf 91' lang='lat' dir='ltr'>ita</span> <span class='ocrx_word' id='word_1_22' title='bbox 417 849 600 936; x_wconf 88' lang='lat' dir='ltr'>expoliatur</span> <span class='ocrx_word' id='word_1_23' title='bbox 618 851 662 914; x_wconf 89' lang='lat' dir='ltr'>ad</span> <span class='ocrx_word' id='word_1_24' title='bbox 689 849 835 936; x_wconf 86' lang='lat' dir='ltr'>regulam</span> <span class='ocrx_word' id='word_1_25' title='bbox 858 856 890 913; x_wconf 90' lang='lat' dir='ltr'>et</span> <span class='ocrx_word' id='word_1_26' title='bbox 913 845 1074 930; x_wconf 83' lang='lat' dir='ltr'>libellam,</span> <span class='ocrx_word' id='word_1_27' title='bbox 1108 857 1145 912; x_wconf 92' lang='lat' dir='ltr'>ut</span> <span class='ocrx_word' id='word_1_28' title='bbox 1173 851 1361 914; x_wconf 91' lang='lat' dir='ltr'>amussium</span> <span class='ocrx_word' id='word_1_29' title='bbox 1389 873 1464 914; x_wconf 88' lang='lat' dir='ltr'>non</span> 
     </span>
     <span class='ocr_line' id='line_1_5' title="bbox 272 967 1462 1056; baseline -0.002 -21"><span class='ocrx_word' id='word_1_30' title='bbox 272 970 490 1052; x_wconf 82' lang='lat' dir='ltr'>desideretur3</span> <span class='ocrx_word' id='word_1_31' title='bbox 528 991 690 1056; x_wconf 81' lang='lat' dir='ltr'>supraque</span> <span class='ocrx_word' id='word_1_32' title='bbox 728 969 798 1033; x_wconf 89' lang='lat' dir='ltr'>eius</span> <span class='ocrx_word' id='word_1_33' title='bbox 823 967 888 1032; x_wconf 92' lang='lat' dir='ltr'>loci</span> <span class='ocrx_word' id='word_1_34' title='bbox 917 975 1065 1031; x_wconf 90' lang='lat' dir='ltr'>centrum</span> <span class='ocrx_word' id='word_1_35' title='bbox 1094 967 1239 1033; x_wconf 90' lang='lat' dir='ltr'>medium</span> <span class='ocrx_word' id='word_1_36' title='bbox 1268 968 1462 1034; x_wconf 88' lang='lat' dir='ltr'>collocetur</span> 
     </span>
     <span class='ocr_line' id='line_1_6' title="bbox 240 1082 1464 1185; baseline -0.003 -31"><span class='ocrx_word' id='word_1_37' title='bbox 240 1108 392 1154; x_wconf 66' lang='lat' dir='ltr'>caeneus</span> <span class='ocrx_word' id='word_1_38' title='bbox 426 1109 584 1174; x_wconf 82' lang='lat' dir='ltr'>gnomon,</span> <span class='ocrx_word' id='word_1_39' title='bbox 622 1087 796 1173; x_wconf 88' lang='lat' dir='ltr'>indagator</span> <span class='ocrx_word' id='word_1_40' title='bbox 824 1085 976 1168; x_wconf 87' lang='lat' dir='ltr'>umbrae,</span> <span class='ocrx_word' id='word_1_41' title='bbox 1017 1087 1073 1171; x_wconf 91' lang='lat' dir='ltr'>qui</span> <span class='ocrx_word' id='word_1_42' title='bbox 1086 1085 1228 1185; x_wconf 33' lang='lat' dir='ltr'>&#39;Graece</span> <span class='ocrx_word' id='word_1_43' title='bbox 1256 1082 1464 1172; x_wconf 62' lang='lat' dir='ltr'>calabrique</span> 
     </span>
     <span class='ocr_line' id='line_1_7' title="bbox 271 1205 1461 1292; baseline -0.003 -19"><span class='ocrx_word' id='word_1_44' title='bbox 271 1209 400 1273; x_wconf 88' lang='lat' dir='ltr'>dicitur.</span> <span class='ocrx_word' id='word_1_45' title='bbox 446 1206 554 1270; x_wconf 89' lang='lat' dir='ltr'>Huius</span> <span class='ocrx_word' id='word_1_46' title='bbox 587 1205 879 1270; x_wconf 76' lang='lat' dir='ltr'>antemeridianam</span> <span class='ocrx_word' id='word_1_47' title='bbox 911 1205 1041 1268; x_wconf 83' lang='lat' dir='ltr'>circiter</span> <span class='ocrx_word' id='word_1_48' title='bbox 1067 1205 1182 1269; x_wconf 92' lang='lat' dir='ltr'>horam</span> <span class='ocrx_word' id='word_1_49' title='bbox 1211 1207 1370 1292; x_wconf 84' lang='lat' dir='ltr'>quintam</span> <span class='ocrx_word' id='word_1_50' title='bbox 1404 1231 1461 1270; x_wconf 91' lang='lat' dir='ltr'>su-</span> 
     </span>
     <span class='ocr_line' id='line_1_8' title="bbox 270 1322 1460 1412; baseline -0.001 -21"><span class='ocrx_word' id='word_1_51' title='bbox 270 1326 390 1391; x_wconf 89' lang='lat' dir='ltr'>menda</span> <span class='ocrx_word' id='word_1_52' title='bbox 427 1333 477 1388; x_wconf 90' lang='lat' dir='ltr'>est</span> <span class='ocrx_word' id='word_1_53' title='bbox 509 1333 656 1388; x_wconf 88' lang='lat' dir='ltr'>extrema</span> <span class='ocrx_word' id='word_1_54' title='bbox 691 1323 863 1408; x_wconf 85' lang='lat' dir='ltr'>gnomonis</span> <span class='ocrx_word' id='word_1_55' title='bbox 898 1322 1016 1387; x_wconf 89' lang='lat' dir='ltr'>umbra</span> <span class='ocrx_word' id='word_1_56' title='bbox 1048 1331 1080 1387; x_wconf 88' lang='lat' dir='ltr'>et</span> <span class='ocrx_word' id='word_1_57' title='bbox 1114 1333 1235 1412; x_wconf 91' lang='lat' dir='ltr'>puncto</span> <span class='ocrx_word' id='word_1_58' title='bbox 1264 1327 1460 1411; x_wconf 83' lang='lat' dir='ltr'>signanda3</span> 
     </span>
     <span class='ocr_line' id='line_1_9' title="bbox 272 1441 1461 1529; baseline -0.001 -19"><span class='ocrx_word' id='word_1_59' title='bbox 272 1445 390 1511; x_wconf 90' lang='lat' dir='ltr'>deinde</span> <span class='ocrx_word' id='word_1_60' title='bbox 412 1445 535 1509; x_wconf 84' lang='lat' dir='ltr'>circino</span> <span class='ocrx_word' id='word_1_61' title='bbox 559 1442 691 1507; x_wconf 92' lang='lat' dir='ltr'>diducto</span> <span class='ocrx_word' id='word_1_62' title='bbox 719 1441 761 1505; x_wconf 89' lang='lat' dir='ltr'>ad</span> <span class='ocrx_word' id='word_1_63' title='bbox 787 1450 961 1528; x_wconf 88' lang='lat' dir='ltr'>punctum,</span> <span class='ocrx_word' id='word_1_64' title='bbox 998 1443 1084 1529; x_wconf 88' lang='lat' dir='ltr'>quod</span> <span class='ocrx_word' id='word_1_65' title='bbox 1108 1452 1157 1507; x_wconf 91' lang='lat' dir='ltr'>est</span> <span class='ocrx_word' id='word_1_66' title='bbox 1180 1445 1359 1529; x_wconf 90' lang='lat' dir='ltr'>gnomonis</span> <span class='ocrx_word' id='word_1_67' title='bbox 1387 1469 1461 1509; x_wconf 92' lang='lat' dir='ltr'>um-</span> 
     </span>
     <span class='ocr_line' id='line_1_10' title="bbox 270 1561 1460 1650; baseline -0.003 -19"><span class='ocrx_word' id='word_1_68' title='bbox 270 1567 350 1631; x_wconf 86' lang='lat' dir='ltr'>brae</span> <span class='ocrx_word' id='word_1_69' title='bbox 371 1561 585 1650; x_wconf 82' lang='lat' dir='ltr'>longitudinis</span> <span class='ocrx_word' id='word_1_70' title='bbox 609 1561 755 1647; x_wconf 89' lang='lat' dir='ltr'>signum,</span> <span class='ocrx_word' id='word_1_71' title='bbox 784 1582 827 1624; x_wconf 85' lang='lat' dir='ltr'>ex</span> <span class='ocrx_word' id='word_1_72' title='bbox 848 1583 886 1626; x_wconf 90' lang='lat' dir='ltr'>eo</span> <span class='ocrx_word' id='word_1_73' title='bbox 908 1583 928 1624; x_wconf 92' lang='lat' dir='ltr'>a</span> <span class='ocrx_word' id='word_1_74' title='bbox 949 1569 1061 1627; x_wconf 89' lang='lat' dir='ltr'>centro</span> <span class='ocrx_word' id='word_1_75' title='bbox 1083 1563 1343 1650; x_wconf 88' lang='lat' dir='ltr'>circumagenda</span> <span class='ocrx_word' id='word_1_76' title='bbox 1365 1565 1460 1629; x_wconf 89' lang='lat' dir='ltr'>linea</span> 
     </span>
     <span class='ocr_line' id='line_1_11' title="bbox 174 1679 1484 1768; baseline 0.002 -24"><span class='ocrx_word' id='word_1_77' title='bbox 174 1745 183 1754; x_wconf 81' lang='grc'><strong>,</strong></span> <span class='ocrx_word' id='word_1_78' title='bbox 230 1704 254 1744; x_wconf 88' lang='lat'>10</span> <span class='ocrx_word' id='word_1_79' title='bbox 270 1683 520 1754; x_wconf 89' lang='lat' dir='ltr'>rotundationis.</span> <span class='ocrx_word' id='word_1_80' title='bbox 565 1680 713 1767; x_wconf 83' lang='lat' dir='ltr'>Itemque</span> <span class='ocrx_word' id='word_1_81' title='bbox 742 1679 948 1745; x_wconf 91' lang='lat' dir='ltr'>observanda</span> <span class='ocrx_word' id='word_1_82' title='bbox 970 1682 1225 1768; x_wconf 89' lang='lat' dir='ltr'>postmeridiana</span> <span class='ocrx_word' id='word_1_83' title='bbox 1246 1683 1346 1746; x_wconf 90' lang='lat' dir='ltr'>istius</span> <span class='ocrx_word' id='word_1_84' title='bbox 1372 1707 1484 1768; x_wconf 54' lang='lat' dir='ltr'>gno-2</span> 
     </span>
     <span class='ocr_line' id='line_1_12' title="bbox 271 1797 1457 1884; baseline -0.003 -17"><span class='ocrx_word' id='word_1_85' title='bbox 271 1803 376 1867; x_wconf 90' lang='lat' dir='ltr'>monis</span> <span class='ocrx_word' id='word_1_86' title='bbox 402 1821 549 1865; x_wconf 85' lang='lat' dir='ltr'>crescens</span> <span class='ocrx_word' id='word_1_87' title='bbox 577 1797 707 1880; x_wconf 88' lang='lat' dir='ltr'>umbra,</span> <span class='ocrx_word' id='word_1_88' title='bbox 737 1806 769 1862; x_wconf 90' lang='lat' dir='ltr'>et</span> <span class='ocrx_word' id='word_1_89' title='bbox 794 1820 868 1862; x_wconf 91' lang='lat' dir='ltr'>cum</span> <span class='ocrx_word' id='word_1_90' title='bbox 891 1799 1038 1884; x_wconf 88' lang='lat' dir='ltr'>tetigerit</span> <span class='ocrx_word' id='word_1_91' title='bbox 1062 1800 1284 1866; x_wconf 85' lang='lat' dir='ltr'>circinationis</span> <span class='ocrx_word' id='word_1_92' title='bbox 1312 1800 1457 1884; x_wconf 88' lang='lat' dir='ltr'>lineam,</span> 
     </span>
     <span class='ocr_line' id='line_1_13' title="bbox 273 1915 1456 2005; baseline 0 -21"><span class='ocrx_word' id='word_1_93' title='bbox 273 1928 305 1984; x_wconf 93' lang='lat' dir='ltr'>et</span> <span class='ocrx_word' id='word_1_94' title='bbox 343 1919 458 1984; x_wconf 90' lang='lat' dir='ltr'>fecerit</span> <span class='ocrx_word' id='word_1_95' title='bbox 493 1939 606 2003; x_wconf 88' lang='lat' dir='ltr'>parem</span> <span class='ocrx_word' id='word_1_96' title='bbox 648 1915 925 1981; x_wconf 88' lang='lat' dir='ltr'>antemeridianae</span> <span class='ocrx_word' id='word_1_97' title='bbox 966 1917 1101 1982; x_wconf 92' lang='lat' dir='ltr'>umbrae</span> <span class='ocrx_word' id='word_1_98' title='bbox 1142 1919 1456 2005; x_wconf 86' lang='lat' dir='ltr'>postmeridianam,</span> 
     </span>
     <span class='ocr_line' id='line_1_14' title="bbox 273 2034 1456 2124; baseline 0.002 -23"><span class='ocrx_word' id='word_1_99' title='bbox 273 2036 435 2122; x_wconf 86' lang='lat' dir='ltr'>signanda</span> <span class='ocrx_word' id='word_1_100' title='bbox 460 2043 591 2123; x_wconf 91' lang='lat' dir='ltr'>puncto.</span> <span class='ocrx_word' id='word_1_101' title='bbox 627 2040 656 2098; x_wconf 85' lang='lat'>7.</span> <span class='ocrx_word' id='word_1_102' title='bbox 675 2034 731 2098; x_wconf 83' lang='lat' dir='ltr'>Ex</span> <span class='ocrx_word' id='word_1_103' title='bbox 750 2034 802 2109; x_wconf 91' lang='lat' dir='ltr'>his</span> <span class='ocrx_word' id='word_1_104' title='bbox 828 2034 955 2099; x_wconf 93' lang='lat' dir='ltr'>duobus</span> <span class='ocrx_word' id='word_1_105' title='bbox 976 2036 1080 2124; x_wconf 88' lang='lat' dir='ltr'>signis</span> <span class='ocrx_word' id='word_1_106' title='bbox 1102 2038 1226 2103; x_wconf 90' lang='lat' dir='ltr'>circino</span> <span class='ocrx_word' id='word_1_107' title='bbox 1246 2038 1456 2102; x_wconf 88' lang='lat' dir='ltr'>decussatim</span> 
     </span>
     <span class='ocr_line' id='line_1_15' title="bbox 274 2152 1457 2243; baseline 0.003 -25"><span class='ocrx_word' id='word_1_108' title='bbox 274 2152 539 2237; x_wconf 90' lang='lat' dir='ltr'>describendum,</span> <span class='ocrx_word' id='word_1_109' title='bbox 562 2162 594 2218; x_wconf 89' lang='lat' dir='ltr'>et</span> <span class='ocrx_word' id='word_1_110' title='bbox 615 2177 674 2243; x_wconf 91' lang='lat' dir='ltr'>per</span> <span class='ocrx_word' id='word_1_111' title='bbox 696 2153 956 2218; x_wconf 87' lang='lat' dir='ltr'>decussationem</span> <span class='ocrx_word' id='word_1_112' title='bbox 976 2163 1009 2218; x_wconf 92' lang='lat' dir='ltr'>et</span> <span class='ocrx_word' id='word_1_113' title='bbox 1029 2154 1174 2218; x_wconf 90' lang='lat' dir='ltr'>medium</span> <span class='ocrx_word' id='word_1_114' title='bbox 1191 2163 1344 2221; x_wconf 90' lang='lat' dir='ltr'>centrum</span> <span class='ocrx_word' id='word_1_115' title='bbox 1364 2158 1457 2223; x_wconf 88' lang='lat' dir='ltr'>linea</span> 
     </span>
     <span class='ocr_line' id='line_1_16' title="bbox 231 2272 1453 2363; baseline 0.007 -30"><span class='ocrx_word' id='word_1_116' title='bbox 231 2294 255 2333; x_wconf 84' lang='lat' dir='ltr'>rs</span> <span class='ocrx_word' id='word_1_117' title='bbox 273 2272 483 2360; x_wconf 89' lang='lat' dir='ltr'>perducenda</span> <span class='ocrx_word' id='word_1_118' title='bbox 507 2272 549 2337; x_wconf 91' lang='lat' dir='ltr'>ad</span> <span class='ocrx_word' id='word_1_119' title='bbox 578 2281 776 2355; x_wconf 87' lang='lat' dir='ltr'>extremum,</span> <span class='ocrx_word' id='word_1_120' title='bbox 808 2280 844 2336; x_wconf 90' lang='lat' dir='ltr'>ut</span> <span class='ocrx_word' id='word_1_121' title='bbox 870 2272 1031 2341; x_wconf 92' lang='lat' dir='ltr'>habeatur</span> <span class='ocrx_word' id='word_1_122' title='bbox 1054 2273 1237 2337; x_wconf 89' lang='lat' dir='ltr'>meridiana</span> <span class='ocrx_word' id='word_1_123' title='bbox 1259 2282 1293 2338; x_wconf 92' lang='lat' dir='ltr'>et</span> <span class='ocrx_word' id='word_1_124' title='bbox 1317 2287 1453 2363; x_wconf 88' lang='lat' dir='ltr'>septen-</span> 
     </span>
     <span class='ocr_line' id='line_1_17' title="bbox 272 2390 1453 2482; baseline 0.003 -27"><span class='ocrx_word' id='word_1_125' title='bbox 272 2390 421 2456; x_wconf 89' lang='lat' dir='ltr'>trionalis</span> <span class='ocrx_word' id='word_1_126' title='bbox 450 2393 552 2478; x_wconf 90' lang='lat' dir='ltr'>regio.</span> <span class='ocrx_word' id='word_1_127' title='bbox 598 2391 681 2456; x_wconf 87' lang='lat' dir='ltr'>Tum</span> <span class='ocrx_word' id='word_1_128' title='bbox 709 2400 824 2479; x_wconf 87' lang='lat' dir='ltr'>postea</span> <span class='ocrx_word' id='word_1_129' title='bbox 845 2391 1003 2455; x_wconf 90' lang='lat' dir='ltr'>sumenda</span> <span class='ocrx_word' id='word_1_130' title='bbox 1025 2399 1074 2456; x_wconf 91' lang='lat' dir='ltr'>est</span> <span class='ocrx_word' id='word_1_131' title='bbox 1102 2400 1196 2457; x_wconf 87' lang='lat' dir='ltr'>sexta</span> <span class='ocrx_word' id='word_1_132' title='bbox 1220 2391 1353 2458; x_wconf 91' lang='lat' dir='ltr'>decima</span> <span class='ocrx_word' id='word_1_133' title='bbox 1375 2419 1453 2482; x_wconf 88' lang='lat' dir='ltr'>pars</span> 
     </span>
     <span class='ocr_line' id='line_1_18' title="bbox 273 2509 1453 2597; baseline 0.003 -21"><span class='ocrx_word' id='word_1_134' title='bbox 273 2511 495 2577; x_wconf 88' lang='lat' dir='ltr'>circinationis</span> <span class='ocrx_word' id='word_1_135' title='bbox 518 2511 625 2576; x_wconf 89' lang='lat' dir='ltr'>lineae</span> <span class='ocrx_word' id='word_1_136' title='bbox 643 2511 743 2575; x_wconf 93' lang='lat' dir='ltr'>totius</span> <span class='ocrx_word' id='word_1_137' title='bbox 765 2509 1022 2592; x_wconf 89' lang='lat' dir='ltr'>rotundationis,</span> <span class='ocrx_word' id='word_1_138' title='bbox 1051 2517 1263 2597; x_wconf 90' lang='lat' dir='ltr'>centrumque</span> <span class='ocrx_word' id='word_1_139' title='bbox 1286 2513 1453 2579; x_wconf 85' lang='lat' dir='ltr'>collocan-</span> 
     </span>
     <span class='ocr_line' id='line_1_19' title="bbox 274 2623 1452 2718; baseline 0.002 -24"><span class='ocrx_word' id='word_1_140' title='bbox 274 2630 405 2694; x_wconf 83' lang='lat' dir='ltr'>durnin</span> <span class='ocrx_word' id='word_1_141' title='bbox 426 2630 609 2694; x_wconf 86' lang='lat' dir='ltr'>meridiana</span> <span class='ocrx_word' id='word_1_142' title='bbox 632 2630 737 2710; x_wconf 92' lang='lat' dir='ltr'>linea,</span> <span class='ocrx_word' id='word_1_143' title='bbox 761 2650 825 2714; x_wconf 92' lang='lat' dir='ltr'>qua</span> <span class='ocrx_word' id='word_1_144' title='bbox 846 2623 953 2713; x_wconf 88' lang='lat' dir='ltr'>tangit</span> <span class='ocrx_word' id='word_1_145' title='bbox 973 2629 1233 2712; x_wconf 89' lang='lat' dir='ltr'>circinationem,</span> <span class='ocrx_word' id='word_1_146' title='bbox 1257 2638 1290 2694; x_wconf 92' lang='lat' dir='ltr'>et</span> <span class='ocrx_word' id='word_1_147' title='bbox 1314 2633 1452 2718; x_wconf 88' lang='lat' dir='ltr'>signan-</span> 
     </span>
     <span class='ocr_line' id='line_1_20' title="bbox 275 2746 1453 2815; baseline 0.004 -5"><span class='ocrx_word' id='word_1_148' title='bbox 275 2747 352 2810; x_wconf 88' lang='lat' dir='ltr'>dum</span> <span class='ocrx_word' id='word_1_149' title='bbox 383 2747 500 2811; x_wconf 81' lang='lat' dir='ltr'>dextm</span> <span class='ocrx_word' id='word_1_150' title='bbox 528 2768 567 2810; x_wconf 90' lang='lat' dir='ltr'>ac</span> <span class='ocrx_word' id='word_1_151' title='bbox 599 2748 734 2812; x_wconf 90' lang='lat' dir='ltr'>sinistra</span> <span class='ocrx_word' id='word_1_152' title='bbox 762 2748 797 2810; x_wconf 92' lang='lat' dir='ltr'>in</span> <span class='ocrx_word' id='word_1_153' title='bbox 827 2746 1039 2811; x_wconf 86' lang='lat' dir='ltr'>circinatione</span> <span class='ocrx_word' id='word_1_154' title='bbox 1067 2756 1099 2812; x_wconf 93' lang='lat' dir='ltr'>et</span> <span class='ocrx_word' id='word_1_155' title='bbox 1126 2747 1311 2813; x_wconf 89' lang='lat' dir='ltr'>meridiana</span> <span class='ocrx_word' id='word_1_156' title='bbox 1339 2761 1375 2814; x_wconf 91' lang='lat' dir='ltr'>et</span> <span class='ocrx_word' id='word_1_157' title='bbox 1407 2775 1453 2815; x_wconf 89' lang='lat' dir='ltr'>se-</span> 
     </span>
     <span class='ocr_line' id='line_1_21' title="bbox 230 2863 1451 2954; baseline 0.007 -28"><span class='ocrx_word' id='word_1_158' title='bbox 230 2863 486 2950; x_wconf 74' lang='lat' dir='ltr'>septentrionali</span> <span class='ocrx_word' id='word_1_159' title='bbox 510 2873 614 2950; x_wconf 90' lang='lat' dir='ltr'>parte.</span> <span class='ocrx_word' id='word_1_160' title='bbox 659 2864 753 2928; x_wconf 87' lang='lat' dir='ltr'>Tunc</span> <span class='ocrx_word' id='word_1_161' title='bbox 780 2885 823 2927; x_wconf 87' lang='lat' dir='ltr'>ex</span> <span class='ocrx_word' id='word_1_162' title='bbox 851 2865 953 2949; x_wconf 87' lang='lat' dir='ltr'>signis</span> <span class='ocrx_word' id='word_1_163' title='bbox 977 2863 1028 2928; x_wconf 92' lang='lat' dir='ltr'>his</span> <span class='ocrx_word' id='word_1_164' title='bbox 1056 2873 1195 2952; x_wconf 92' lang='lat' dir='ltr'>quatuor</span> <span class='ocrx_word' id='word_1_165' title='bbox 1216 2890 1276 2954; x_wconf 90' lang='lat' dir='ltr'>per</span> <span class='ocrx_word' id='word_1_166' title='bbox 1298 2880 1451 2934; x_wconf 84' lang='lat' dir='ltr'>centrum</span> 
     </span>
     <span class='ocr_line' id='line_1_22' title="bbox 273 2981 1452 3060; baseline 0.008 -16"><span class='ocrx_word' id='word_1_167' title='bbox 273 2981 418 3046; x_wconf 90' lang='lat' dir='ltr'>medium</span> <span class='ocrx_word' id='word_1_168' title='bbox 446 2983 643 3047; x_wconf 87' lang='lat' dir='ltr'>decussatim</span> <span class='ocrx_word' id='word_1_169' title='bbox 672 2984 778 3048; x_wconf 88' lang='lat' dir='ltr'>lineae</span> <span class='ocrx_word' id='word_1_170' title='bbox 803 2982 845 3047; x_wconf 92' lang='lat' dir='ltr'>ab</span> <span class='ocrx_word' id='word_1_171' title='bbox 874 2984 1029 3047; x_wconf 89' lang='lat' dir='ltr'>extremis</span> <span class='ocrx_word' id='word_1_172' title='bbox 1058 2983 1100 3060; x_wconf 87' lang='lat' dir='ltr'>ad</span> <span class='ocrx_word' id='word_1_173' title='bbox 1124 2993 1286 3050; x_wconf 88' lang='lat' dir='ltr'>extremas</span> <span class='ocrx_word' id='word_1_174' title='bbox 1311 2987 1452 3052; x_wconf 90' lang='lat' dir='ltr'>circina-</span> 
     </span>
     <span class='ocr_line' id='line_1_23' title="bbox 273 3099 1452 3188; baseline 0.004 -24"><span class='ocrx_word' id='word_1_175' title='bbox 273 3101 378 3165; x_wconf 91' lang='lat' dir='ltr'>tiones</span> <span class='ocrx_word' id='word_1_176' title='bbox 414 3101 660 3187; x_wconf 80' lang='lat' dir='ltr'>perducendae3</span> <span class='ocrx_word' id='word_1_177' title='bbox 699 3104 745 3166; x_wconf 88' lang='lat' dir='ltr'>ita</span> <span class='ocrx_word' id='word_1_178' title='bbox 777 3101 892 3166; x_wconf 89' lang='lat' dir='ltr'>Austri</span> <span class='ocrx_word' id='word_1_179' title='bbox 930 3108 962 3164; x_wconf 90' lang='lat' dir='ltr'>et</span> <span class='ocrx_word' id='word_1_180' title='bbox 995 3099 1233 3188; x_wconf 87' lang='lat' dir='ltr'>Septentrionis</span> <span class='ocrx_word' id='word_1_181' title='bbox 1268 3103 1452 3170; x_wconf 90' lang='lat' dir='ltr'>habebitur</span> 
     </span>
     <span class='ocr_line' id='line_1_24' title="bbox 274 3218 1453 3306; baseline 0.002 -22"><span class='ocrx_word' id='word_1_182' title='bbox 274 3227 410 3284; x_wconf 89' lang='lat' dir='ltr'>octavae</span> <span class='ocrx_word' id='word_1_183' title='bbox 441 3220 543 3306; x_wconf 91' lang='lat' dir='ltr'>partis</span> <span class='ocrx_word' id='word_1_184' title='bbox 572 3219 766 3304; x_wconf 86' lang='lat' dir='ltr'>designatio.</span> <span class='ocrx_word' id='word_1_185' title='bbox 822 3218 983 3305; x_wconf 86' lang='lat' dir='ltr'>Reliquae</span> <span class='ocrx_word' id='word_1_186' title='bbox 1009 3229 1118 3306; x_wconf 89' lang='lat' dir='ltr'>partes</span> <span class='ocrx_word' id='word_1_187' title='bbox 1156 3221 1274 3286; x_wconf 86' lang='lat' dir='ltr'>dextra</span> <span class='ocrx_word' id='word_1_188' title='bbox 1307 3231 1381 3287; x_wconf 89' lang='lat' dir='ltr'>tres</span> <span class='ocrx_word' id='word_1_189' title='bbox 1417 3247 1453 3288; x_wconf 89' lang='lat' dir='ltr'>ac</span> 
     </span>
     <span class='ocr_line' id='line_1_25' title="bbox 274 3337 1452 3425; baseline 0.004 -23"><span class='ocrx_word' id='word_1_190' title='bbox 274 3339 406 3403; x_wconf 89' lang='lat' dir='ltr'>sinistra</span> <span class='ocrx_word' id='word_1_191' title='bbox 427 3346 493 3403; x_wconf 90' lang='lat' dir='ltr'>tres</span> <span class='ocrx_word' id='word_1_192' title='bbox 519 3337 670 3425; x_wconf 88' lang='lat' dir='ltr'>aequales</span> <span class='ocrx_word' id='word_1_193' title='bbox 692 3338 743 3402; x_wconf 94' lang='lat' dir='ltr'>his</span> <span class='ocrx_word' id='word_1_194' title='bbox 767 3337 1015 3403; x_wconf 88' lang='lat' dir='ltr'>distribuendae</span> <span class='ocrx_word' id='word_1_195' title='bbox 1044 3347 1119 3402; x_wconf 92' lang='lat' dir='ltr'>sunt</span> <span class='ocrx_word' id='word_1_196' title='bbox 1145 3341 1180 3404; x_wconf 92' lang='lat' dir='ltr'>in</span> <span class='ocrx_word' id='word_1_197' title='bbox 1202 3348 1271 3405; x_wconf 89' lang='lat' dir='ltr'>tota</span> <span class='ocrx_word' id='word_1_198' title='bbox 1291 3344 1452 3407; x_wconf 89' lang='lat' dir='ltr'>rotunda·</span> 
     </span>
     <span class='ocr_line' id='line_1_26' title="bbox 229 3456 1451 3545; baseline 0.002 -25"><span class='ocrx_word' id='word_1_199' title='bbox 229 3480 256 3520; x_wconf 81' lang='lat' dir='ltr'>rs</span> <span class='ocrx_word' id='word_1_200' title='bbox 273 3458 379 3541; x_wconf 91' lang='lat' dir='ltr'>tione,</span> <span class='ocrx_word' id='word_1_201' title='bbox 410 3467 446 3522; x_wconf 89' lang='lat' dir='ltr'>ut</span> <span class='ocrx_word' id='word_1_202' title='bbox 474 3457 627 3545; x_wconf 89' lang='lat' dir='ltr'>aequales</span> <span class='ocrx_word' id='word_1_203' title='bbox 656 3456 833 3523; x_wconf 87' lang='lat' dir='ltr'>divisiones</span> <span class='ocrx_word' id='word_1_204' title='bbox 860 3463 931 3519; x_wconf 90' lang='lat' dir='ltr'>octo</span> <span class='ocrx_word' id='word_1_205' title='bbox 959 3463 1130 3520; x_wconf 89' lang='lat' dir='ltr'>ventorum</span> <span class='ocrx_word' id='word_1_206' title='bbox 1159 3456 1354 3542; x_wconf 88' lang='lat' dir='ltr'>designatae</span> <span class='ocrx_word' id='word_1_207' title='bbox 1386 3463 1451 3525; x_wconf 89' lang='lat' dir='ltr'>sint</span> 
     </span>
     <span class='ocr_line' id='line_1_27' title="bbox 273 3571 1451 3662; baseline 0.003 -24"><span class='ocrx_word' id='word_1_208' title='bbox 273 3577 309 3640; x_wconf 94' lang='lat' dir='ltr'>in</span> <span class='ocrx_word' id='word_1_209' title='bbox 332 3575 561 3662; x_wconf 88' lang='lat' dir='ltr'>descriptione.</span> <span class='ocrx_word' id='word_1_210' title='bbox 609 3574 692 3661; x_wconf 87' lang='lat'>(55.)</span> <span class='ocrx_word' id='word_1_211' title='bbox 716 3575 801 3638; x_wconf 87' lang='lat' dir='ltr'>Tum</span> <span class='ocrx_word' id='word_1_212' title='bbox 820 3595 878 3661; x_wconf 89' lang='lat' dir='ltr'>per</span> <span class='ocrx_word' id='word_1_213' title='bbox 901 3571 1037 3657; x_wconf 75' lang='lat' dir='ltr'>angidos</span> <span class='ocrx_word' id='word_1_214' title='bbox 1060 3573 1147 3638; x_wconf 90' lang='lat' dir='ltr'>inter</span> <span class='ocrx_word' id='word_1_215' title='bbox 1169 3574 1249 3638; x_wconf 92' lang='lat' dir='ltr'>duas</span> <span class='ocrx_word' id='word_1_216' title='bbox 1272 3585 1451 3642; x_wconf 86' lang='lat' dir='ltr'>ventorum</span> 
     </span>
     <span class='ocr_line' id='line_1_28' title="bbox 274 3690 1452 3782; baseline 0.004 -26"><span class='ocrx_word' id='word_1_217' title='bbox 274 3694 422 3778; x_wconf 87' lang='lat' dir='ltr'>regiones</span> <span class='ocrx_word' id='word_1_218' title='bbox 447 3701 479 3756; x_wconf 90' lang='lat' dir='ltr'>et</span> <span class='ocrx_word' id='word_1_219' title='bbox 500 3690 683 3778; x_wconf 88' lang='lat' dir='ltr'>platearum</span> <span class='ocrx_word' id='word_1_220' title='bbox 705 3699 738 3756; x_wconf 88' lang='lat' dir='ltr'>et</span> <span class='ocrx_word' id='word_1_221' title='bbox 761 3691 1006 3777; x_wconf 89' lang='lat' dir='ltr'>angiportorum</span> <span class='ocrx_word' id='word_1_222' title='bbox 1024 3691 1179 3757; x_wconf 90' lang='lat' dir='ltr'>videntur</span> <span class='ocrx_word' id='word_1_223' title='bbox 1203 3692 1323 3758; x_wconf 92' lang='lat' dir='ltr'>debere</span> <span class='ocrx_word' id='word_1_224' title='bbox 1348 3696 1452 3782; x_wconf 87' lang='lat' dir='ltr'>dirigi</span> 
     </span>
     <span class='ocr_line' id='line_1_29' title="bbox 275 3808 1451 3897; baseline 0.003 -23"><span class='ocrx_word' id='word_1_225' title='bbox 275 3810 522 3897; x_wconf 88' lang='lat' dir='ltr'>descriptiones.</span> <span class='ocrx_word' id='word_1_226' title='bbox 567 3812 596 3875; x_wconf 89' lang='lat'>8.</span> <span class='ocrx_word' id='word_1_227' title='bbox 621 3808 683 3874; x_wconf 92' lang='lat' dir='ltr'>His</span> <span class='ocrx_word' id='word_1_228' title='bbox 702 3812 789 3874; x_wconf 92' lang='lat' dir='ltr'>enim</span> <span class='ocrx_word' id='word_1_229' title='bbox 807 3809 990 3874; x_wconf 88' lang='lat' dir='ltr'>rationibus</span> <span class='ocrx_word' id='word_1_230' title='bbox 1011 3819 1043 3873; x_wconf 89' lang='lat' dir='ltr'>et</span> <span class='ocrx_word' id='word_1_231' title='bbox 1064 3830 1103 3873; x_wconf 91' lang='lat' dir='ltr'>ea</span> <span class='ocrx_word' id='word_1_232' title='bbox 1126 3810 1288 3875; x_wconf 89' lang='lat' dir='ltr'>divisione</span> <span class='ocrx_word' id='word_1_233' title='bbox 1310 3814 1451 3880; x_wconf 86' lang='lat' dir='ltr'>exclusa</span> 
     </span>
     <span class='ocr_line' id='line_1_30' title="bbox 275 3927 1450 4013; baseline 0.005 -20"><span class='ocrx_word' id='word_1_234' title='bbox 275 3931 336 3994; x_wconf 91' lang='lat' dir='ltr'>erit</span> <span class='ocrx_word' id='word_1_235' title='bbox 363 3952 406 3994; x_wconf 87' lang='lat' dir='ltr'>ex</span> <span class='ocrx_word' id='word_1_236' title='bbox 434 3927 692 3993; x_wconf 89' lang='lat' dir='ltr'>habitationibus</span> <span class='ocrx_word' id='word_1_237' title='bbox 727 3935 759 3992; x_wconf 90' lang='lat' dir='ltr'>et</span> <span class='ocrx_word' id='word_1_238' title='bbox 787 3928 868 3992; x_wconf 88' lang='lat' dir='ltr'>vicis</span> <span class='ocrx_word' id='word_1_239' title='bbox 898 3934 1070 3992; x_wconf 89' lang='lat' dir='ltr'>ventorum</span> <span class='ocrx_word' id='word_1_240' title='bbox 1101 3928 1151 3992; x_wconf 92' lang='lat' dir='ltr'>vis</span> <span class='ocrx_word' id='word_1_241' title='bbox 1179 3928 1332 4013; x_wconf 80' lang='lat' dir='ltr'>molesta3</span> <span class='ocrx_word' id='word_1_242' title='bbox 1378 3957 1450 3999; x_wconf 92' lang='lat' dir='ltr'>cum</span> 
     </span>
     <span class='ocr_line' id='line_1_31' title="bbox 229 4045 1450 4134; baseline 0 -20"><span class='ocrx_word' id='word_1_243' title='bbox 229 4071 256 4114; x_wconf 80' lang='lat' dir='ltr'>so</span> <span class='ocrx_word' id='word_1_244' title='bbox 275 4048 362 4111; x_wconf 90' lang='lat' dir='ltr'>enim</span> <span class='ocrx_word' id='word_1_245' title='bbox 389 4045 516 4134; x_wconf 90' lang='lat' dir='ltr'>plateae</span> <span class='ocrx_word' id='word_1_246' title='bbox 550 4054 663 4110; x_wconf 90' lang='lat' dir='ltr'>contra</span> <span class='ocrx_word' id='word_1_247' title='bbox 692 4045 832 4110; x_wconf 88' lang='lat' dir='ltr'>directos</span> <span class='ocrx_word' id='word_1_248' title='bbox 862 4053 977 4110; x_wconf 89' lang='lat' dir='ltr'>ventos</span> <span class='ocrx_word' id='word_1_249' title='bbox 1006 4053 1101 4110; x_wconf 90' lang='lat' dir='ltr'>erunt</span> <span class='ocrx_word' id='word_1_250' title='bbox 1127 4047 1373 4131; x_wconf 88' lang='lat' dir='ltr'>conformatae,</span> <span class='ocrx_word' id='word_1_251' title='bbox 1413 4073 1450 4117; x_wconf 86' lang='lat' dir='ltr'>ex</span> 
     </span>
     <span class='ocr_line' id='line_1_32' title="bbox 274 4161 1451 4251; baseline 0.003 -23"><span class='ocrx_word' id='word_1_252' title='bbox 274 4171 387 4251; x_wconf 90' lang='lat' dir='ltr'>aperto</span> <span class='ocrx_word' id='word_1_253' title='bbox 416 4161 500 4227; x_wconf 89' lang='lat' dir='ltr'>caeli</span> <span class='ocrx_word' id='word_1_254' title='bbox 526 4163 630 4249; x_wconf 92' lang='lat' dir='ltr'>spatio</span> <span class='ocrx_word' id='word_1_255' title='bbox 652 4165 791 4251; x_wconf 88' lang='lat' dir='ltr'>impetus</span> <span class='ocrx_word' id='word_1_256' title='bbox 821 4185 860 4228; x_wconf 92' lang='lat' dir='ltr'>ac</span> <span class='ocrx_word' id='word_1_257' title='bbox 880 4163 977 4227; x_wconf 89' lang='lat' dir='ltr'>flatus</span> <span class='ocrx_word' id='word_1_258' title='bbox 1007 4162 1179 4250; x_wconf 87' lang='lat' dir='ltr'>frequens,</span> <span class='ocrx_word' id='word_1_259' title='bbox 1215 4165 1399 4232; x_wconf 88' lang='lat' dir='ltr'>conclusus</span> <span class='ocrx_word' id='word_1_260' title='bbox 1421 4173 1451 4234; x_wconf 92' lang='lat' dir='ltr'>in</span> 
     </span>
     <span class='ocr_line' id='line_1_33' title="bbox 275 4280 1450 4371; baseline 0.007 -27"><span class='ocrx_word' id='word_1_261' title='bbox 275 4280 427 4344; x_wconf 86' lang='lat' dir='ltr'>faucibus</span> <span class='ocrx_word' id='word_1_262' title='bbox 461 4281 722 4365; x_wconf 87' lang='lat' dir='ltr'>angiportorum,</span> <span class='ocrx_word' id='word_1_263' title='bbox 762 4281 1060 4347; x_wconf 89' lang='lat' dir='ltr'>vehementioribus</span> <span class='ocrx_word' id='word_1_264' title='bbox 1092 4283 1219 4348; x_wconf 90' lang='lat' dir='ltr'>viribus</span> <span class='ocrx_word' id='word_1_265' title='bbox 1249 4289 1450 4371; x_wconf 88' lang='lat' dir='ltr'>pervagabi-</span> 
     </span>
     <span class='ocr_line' id='line_1_34' title="bbox 275 4395 1450 4485; baseline 0.01 -26"><span class='ocrx_word' id='word_1_266' title='bbox 275 4405 338 4460; x_wconf 86' lang='lat' dir='ltr'>tur.</span> <span class='ocrx_word' id='word_1_267' title='bbox 384 4395 474 4476; x_wconf 79' lang='lat' dir='ltr'>Quas</span> <span class='ocrx_word' id='word_1_268' title='bbox 497 4396 538 4461; x_wconf 93' lang='lat' dir='ltr'>ob</span> <span class='ocrx_word' id='word_1_269' title='bbox 566 4418 617 4459; x_wconf 91' lang='lat' dir='ltr'>res</span> <span class='ocrx_word' id='word_1_270' title='bbox 640 4399 880 4463; x_wconf 87' lang='lat' dir='ltr'>convertendae</span> <span class='ocrx_word' id='word_1_271' title='bbox 900 4408 976 4465; x_wconf 91' lang='lat' dir='ltr'>sunt</span> <span class='ocrx_word' id='word_1_272' title='bbox 997 4398 1039 4463; x_wconf 93' lang='lat' dir='ltr'>ab</span> <span class='ocrx_word' id='word_1_273' title='bbox 1061 4400 1252 4485; x_wconf 89' lang='lat' dir='ltr'>regionibus</span> <span class='ocrx_word' id='word_1_274' title='bbox 1271 4411 1450 4471; x_wconf 88' lang='lat' dir='ltr'>ventorum</span> 
     </span>
    </p>
   </div>
   <div class='ocr_carea' id='block_1_3' title="bbox 0 0 1508 5170">
    <p class='ocr_par' dir='ltr' id='par_1_3' title="bbox 0 0 1508 5170">
     <span class='ocr_line' id='line_1_35' title="bbox 0 0 1508 5170; baseline 0 0"><span class='ocrx_word' id='word_1_275' title='bbox 0 0 1508 5170; x_wconf 95' lang='lat' dir='ltr'> </span> 
     </span>
    </p>
   </div>
  </div>
 </body>
</html>
