3006 5170
277 401 318 460 20
777 411 935 458 v1rauv11

363 569 393 630 3.
418 564 498 653 (25.)
527 563 745 650 Eurhythmia
775 572 825 628 est
853 571 993 630 venusta
1022 563 1164 650 species,
1197 559 1472 647 commodusqi

278 686 313 747 in
336 684 624 770 compositionibus
643 683 861 747 membrorum
884 691 1046 769 aspectus.
1079 681 1172 746 Haec
1191 681 1355 745 efficitur
1366 729 1381 761 ,
1417 702 1470 741 cu

279 801 425 865 membra
452 803 560 887 operis
588 802 820 866 convenientia
848 809 924 865 sunt
948 800 1133 865 altitudinis
1161 799 1204 864 ad
1230 797 1472 862 latitudiner

280 918 464 983 latitudinis
485 919 528 983 ad
548 919 803 1006 longitudinem,
827 927 859 983 et
883 919 925 984 ad
945 942 1102 984 summam
1125 921 1234 985 omnia
1251 917 1472 1004 responde]

251 1056 359 1102 rsuae
384 1040 603 1128 symmetriae.

364 1281 395 1342 4.
420 1277 501 1364 (26.)
533 1277 617 1341 Item
647 1277 839 1364 symmetria
871 1283 921 1340 est
953 1269 1123 1362 exipsius
1153 1275 1261 1361 operis
1298 1275 1471 1338 membri

281 1396 481 1462 conveniens
510 1416 705 1479 consensuS,
733 1417 775 1459 ex
796 1394 1019 1481 partibusque·
1030 1393 1189 1481 separatis
1210 1391 1254 1456 ad
1276 1392 1472 1456 universa

281 1512 407 1598 figurae
450 1515 592 1599 speciem
630 1522 722 1579 ratae
762 1515 865 1601 partis
903 1533 1090 1599 responsus.
1150 1509 1208 1575 Uti
1241 1513 1277 1573 in
1313 1509 1472 1574 hominii

282 1653 417 1719 corpore
450 1654 468 1695 e
494 1633 620 1715 cubito,
651 1631 752 1718 pede,
781 1633 904 1718 palmo,
935 1630 1038 1716 digito
1069 1629 1250 1715 ceterisque
1278 1630 1472 1714 particulis

242 1773 266 1812 ιο
283 1757 476 1835 symmetros
498 1757 548 1812 est
570 1749 795 1835 enrhythmiae
817 1747 974 1835 qualitas,
1009 1750 1057 1812 sio
1080 1755 1130 1812 est
1158 1748 1193 1810 in
1221 1767 1366 1832 operum
1393 1769 1472 1832 per-

282 1865 490 1931 fectionibus.
540 1866 586 1931 Et
620 1868 761 1953 primum
794 1867 830 1929 in
860 1865 997 1931 aedibus
1025 1867 1128 1931 saeris
1155 1873 1212 1928 aut
1241 1887 1259 1928 e
1287 1863 1472 1928 columna-

282 2004 354 2046 rum
388 1983 677 2068 crassitudinibus,
713 1993 771 2048 aut
802 1983 985 2071 triglypho,
1023 1992 1080 2048 aut
1109 1986 1208 2049 etiam
1235 1982 1390 2066 embate3
1436 1986 1468 2047 in

282 2098 402 2164 balista
433 2123 451 2165 e
483 2102 661 2186 foramine,
698 2103 786 2189 quod
811 2102 931 2167 Graeci
959 2105 1159 2187 περίτρητον
1190 2102 1357 2184 vocitant3
1408 2125 1465 2164 na-

282 2216 380 2282 vibus
411 2241 453 2283 ex
481 2220 718 2304 interscalmio,
757 2243 840 2309 quae
876 2213 1074 2305 disiunctum}
1110 2222 1245 2304 dicitur3
1283 2221 1367 2284 item
1412 2244 1462 2285 ce-

241 2345 424 2402 uterorum
452 2361 586 2427 operum
614 2362 633 2404 e
659 2340 814 2406 membris
841 2341 1008 2407 invenitur
1034 2340 1295 2426 symmetriarum
1321 2340 1460 2404 ratioci-

280 2456 379 2522 natio.

369 2694 397 2754 5.
422 2693 504 2780 (27.)
528 2692 640 2758 Decor
658 2704 767 2760 autem
786 2705 836 2760 est
860 2696 1053 2762 emendatus
1073 2696 1181 2782 operis
1203 2701 1354 2781 aspectus
1377 2719 1451 2782 pro-

284 2806 371 2870 batis
395 2805 493 2872 rebus
514 2812 685 2897 compositi
707 2835 779 2877 cum
803 2816 1008 2880 auctoritate.
1053 2814 1087 2877 Is
1109 2813 1277 2900 perficitur
1298 2816 1449 2898 statione,

285 2923 341 3009 qui
364 2922 491 2987 Graece
506 2921 710 3012 θεματισμός
728 2931 864 3017 dieitur,
889 2955 947 2997 seu
969 2931 1221 3015 consuetudine,
1241 2940 1297 2996 aut
1316 2942 1445 2998 natura.

241 3040 448 3124 testatione,
488 3063 561 3106 cum
592 3044 665 3110 Iovi
691 3048 845 3134 Fulguri,
884 3060 916 3115 et
944 3051 1057 3134 Caelo,
1094 3058 1126 3115 et
1149 3049 1233 3135 Soli,
1270 3059 1300 3114 et
1329 3051 1444 3117 Lunae

283 3158 434 3223 aedificia
455 3159 517 3224 sub
540 3162 617 3225 divo
638 3161 821 3250 hypaethra
842 3172 1097 3253 constituentur3
1126 3169 1241 3234 horum
1264 3169 1344 3233 enim
1369 3170 1441 3235 deo-

282 3301 355 3343 rum
388 3287 421 3343 et
453 3279 579 3365 species
609 3288 642 3344 et
670 3281 803 3349 effectus
836 3289 870 3350 in
901 3297 1013 3375 aperto
1046 3287 1167 3352 mundo
1201 3297 1295 3375 atque
1320 3287 1439 3354 lucenti

283 3406 471 3484 praesentes
504 3397 665 3462 videmus.
721 3398 890 3470 Minervae
924 3415 956 3470 et
989 3407 1088 3471 Marti
1119 3415 1151 3470 et
1179 3405 1312 3470 Herculi
1342 3411 1436 3476 aedes

282 3516 425 3580 Doricae
453 3515 548 3598 fient3
583 3515 634 3580 his
671 3518 757 3580 enim
785 3519 849 3584 diis
879 3530 1012 3608 propter
1040 3525 1195 3588 virtutem
1224 3527 1290 3588 sine
1316 3525 1434 3592 deliciis

240 3659 267 3698 25
283 3634 433 3699 aedificia
453 3634 607 3698 constitui
634 3634 736 3700 decet.
788 3636 926 3720 Veneri,
951 3639 1085 3723 Florae,
1115 3640 1336 3728 Proserpinae,
1364 3645 1431 3710 fon-

281 3753 362 3815 tium
392 3752 556 3838 Nymphis
587 3750 758 3819 Oorinthio
790 3775 910 3838 genere
945 3758 1142 3822 constitutae
1169 3768 1263 3846 aptas
1287 3759 1429 3826 videbun-

281 3879 335 3933 tur
365 3869 486 3934 habere
515 3873 748 3958 proprietateS,
783 3872 870 3958 quod
900 3872 951 3936 his
983 3873 1046 3968 diis
1079 3884 1211 3962 propter
1242 3880 1427 3945 teneritatem

281 3987 457 4072 graciliora
481 3995 513 4051 et
543 3987 660 4053 florida
693 3990 846 4078 foliisque
880 3999 912 4055 et
941 3991 1062 4058 volutis
1093 4003 1208 4059 ornata
1235 4018 1322 4084 opera
1344 3996 1426 4064 facta
1468 3963 1469 4025 l

281 4125 402 4189 augere
420 4103 618 4171 videbuntur
639 4110 762 4172 iustum
785 4111 946 4176 decorem.
992 4112 1126 4196 Iunoni,
1154 4113 1292 4198 Dianae,
1316 4114 1423 4183 Libero

239 4243 266 4288 ao
282 4222 373 4286 Patri
394 4223 575 4310 ceterisque
598 4225 676 4309 diis,
716 4229 772 4312 qui
795 4229 909 4293 eadem
932 4238 1008 4294 sunt
1030 4231 1258 4315 similitudine,
1287 4235 1309 4297 si
1332 4235 1421 4302 aedes

282 4341 414 4406 Ionicae
437 4350 683 4426 construentur,
709 4343 823 4409 habita
842 4347 905 4410 erit
926 4350 1009 4413 ratio
1026 4349 1276 4433 mediocritatis,
1298 4351 1368 4438 quod
1391 4366 1420 4420 ct
