3006 5170
280 395 317 456 18
781 400 940 447 vlrsuvn

280 579 387 645 spero,
418 557 469 622 his
502 555 724 622 voluminibus
750 575 816 618 non
837 549 942 616 modo
970 548 1233 631 aedificantibus,
1275 549 1355 613 sed
1394 551 1480 612 etia

280 676 430 740 omnibus
459 673 661 762 sapientibus
692 693 765 735 cum
792 673 938 734 maxima
961 670 1157 733 auctoritate
1179 691 1231 731 me
1258 671 1349 732 sine
1384 669 1480 732 dub:

279 803 529 881 praestaturum.

729 1144 922 1210 CAPUT
957 1145 1005 1209 ΙΙ.

252 1407 264 1446 5
369 1382 397 1441 1.
421 1371 502 1464 (18.)
526 1375 758 1440 Architectura
779 1386 888 1440 autem
907 1383 1035 1440 constat
1058 1375 1356 1456 exordinatione,
1388 1397 1480 1462 quac

282 1496 408 1561 Graece
429 1490 519 1574 τάξις
541 1496 675 1578 dicitur,
706 1503 738 1558 et
766 1517 808 1559 ex
831 1494 1059 1581 dispositione,
1092 1493 1177 1557 hanc
1196 1502 1307 1558 autem
1337 1493 1478 1558 Graeci

281 1609 438 1679 διάθεσιν
460 1615 622 1697 vocitant,
660 1622 692 1677 et
717 1613 940 1708 eurhytbmia,
970 1621 1002 1676 et
1024 1614 1229 1700 symmetria,
1266 1620 1312 1674 et
1327 1612 1474 1694 decore,

282 1739 315 1794 et
337 1732 583 1815 distributione,
608 1755 690 1818 quae
714 1733 840 1797 Graece
865 1733 1041 1815 οἰκονομία
1062 1730 1192 1795 dicitur.

368 1971 396 2032 2.
418 1971 499 2057 (19.)
523 1969 695 2034 Ordinatio
712 1978 763 2034 est
778 1969 907 2034 modica
921 1970 1139 2035 membrorum
1154 1953 1261 2056 operis
1275 1971 1465 2034 commodi-

242 2108 266 2148 10
282 2097 333 2151 tas
357 2090 530 2173 separatim
536 2138 545 2172 ,
569 2090 806 2175 universaeque
826 2090 1045 2175 proportionis
1065 2088 1108 2152 ad
1128 2087 1355 2175 symmetriam
1372 2111 1480 2162 eom-¹

272 2185 426 2293 ¹parati03
448 2207 529 2272 haec
550 2207 755 2293 componitur
773 2217 815 2269 ex
834 2207 1030 2291 quantitate,
1054 2227 1137 2292 quae
1156 2205 1284 2270 Graece
1306 2201 1461 2290 ποσότης

283 2323 420 2409 dicitur3
462 2325 627 2411 quantitas
666 2334 774 2389 autem
810 2334 860 2389 est
891 2324 1094 2389 modulorum
1131 2346 1173 2389 ex
1206 2323 1309 2411 ipsius
1344 2327 1456 2410 operis

281 2444 436 2509 membris
464 2445 620 2531 sumptio,
659 2465 676 2507 e
705 2443 909 2530 singulisque
944 2437 1163 2507 membrorum
1196 2441 1345 2528 partibus
1383 2445 1454 2506 uni·
1479 2503 1480 2560 ,

280 2563 370 2628 versi
392 2563 499 2650 operis
521 2562 719 2626 conveniens
742 2561 886 2626 effectus.

242 2827 267 2866 15
370 2792 451 2879 (20.)
474 2792 655 2880 Dispositio
674 2803 783 2858 autern
801 2807 850 2888 est
867 2817 976 2860 rerum
996 2804 1073 2882 apta
1091 2797 1278 2879 collocatio,
1300 2795 1445 2883 elegans-

284 2933 346 2998 que
360 2913 396 2974 in
418 2911 707 2998 compositionibus
731 2911 865 2976 effeetus
889 2915 994 2998 operis
1018 2911 1090 2978 cum
1114 2913 1280 3006 qualitate.
1313 2913 1443 3000 Species

285 3030 523 3116 dispositionis,
547 3053 631 3117 quae
646 3032 771 3097 Graece
785 3031 937 3095 dicuntur
959 3031 1059 3114 ἰδέαι,
1084 3042 1159 3096 sunt
1178 3032 1257 3097 hae:
1277 3035 1440 3121 ichnogra-

283 3149 379 3236 phia,
404 3147 651 3235 orthographia,
675 3149 923 3237 scenographia.
958 3149 1041 3236 (21.)
1062 3149 1300 3239 Ichnographia
1317 3163 1365 3217 est
1383 3158 1438 3220 cir·

285 3269 351 3332 cini
365 3266 564 3354 regulaeque
579 3268 705 3333 modice
721 3271 891 3333 continens
909 3291 1006 3351 usus,
1028 3291 1045 3332 e
1063 3290 1126 3362 qua
1143 3271 1310 3355 capiuntur
1324 3271 1434 3337 forma-

197 3383 199 3387 ’
241 3414 266 3457 20
284 3410 356 3450 rum
374 3387 409 3449 in
430 3386 507 3452 solis
522 3405 672 3449 arearum
687 3385 933 3473 descriptiones.
981 3387 1063 3474 (22.)
1080 3387 1315 3474 Orthographia
1332 3401 1433 3456 autem

285 3514 335 3570 est
358 3513 466 3568 erecta
484 3491 615 3567 'frontis
642 3504 767 3588 imago,
801 3487 993 3593 modiceque
1022 3506 1111 3592 picta
1136 3504 1312 3578 rationibus
1332 3512 1431 3593 operis

265 3622 387 3686 ¹futuri
408 3621 523 3705 figura.
570 3621 758 3707 (23.)Ἰ1οῐη
782 3619 1017 3708 scenograp'hia
1039 3630 1089 3686 est
1111 3623 1229 3687 frontis
1250 3631 1279 3686 et
1303 3622 1429 3690 laterum

284 3741 529 3805 abscedentium
544 3738 758 3823 adumbratio,
777 3740 819 3803 ad
835 3741 1013 3826 circinique
1031 3750 1179 3804 centrum
1190 3742 1322 3806 omnium
1337 3741 1428 3808 linea-

284 3882 356 3922 rum
375 3881 563 3946 responsus.
600 3859 691 3946 (24.)
708 3857 781 3921 Hae
800 3868 981 3923 nascuntur
1002 3881 1044 3922 ex
1065 3858 1261 3942 cogitatione
1281 3868 1309 3922 et
1323 3859 1427 3926 inven-

241 4005 266 4044 rs
283 3980 382 4042 tione.
430 3976 594 4062 Cogitatio
617 3986 667 4040 est
688 3999 767 4041 cura
789 3978 888 4042 studii
909 3978 1022 4065 plena,
1050 3983 1081 4042 et
1106 3978 1285 4042 industriae
1303 3977 1425 4063 vigilan·

282 4097 414 4182 tiaeque
437 4095 572 4158 effectus
595 4097 752 4180 propositi
781 4118 853 4160 curn
873 4097 1049 4182 voluptate.
1094 4096 1247 4162 Iuventio
1269 4105 1357 4162 autern
1379 4110 1424 4164 est

283 4215 510 4298 quaestionum
533 4211 743 4276 obscurarum
767 4213 942 4300 explicatio
949 4264 958 4297 ,
987 4215 1112 4278 ratione
1134 4235 1240 4304 novae
1262 4216 1302 4278 roi
1323 4217 1421 4298 vigore

282 4329 396 4392 mobili
415 4337 554 4416 reperta.
599 4328 671 4390 Hae
693 4338 768 4392 sunt
786 4332 1031 4395 terminationes
1051 4331 1281 4416 dispositionis.
