3006 5170
244 383 285 444 40
745 388 904 434 vireuvn

123 536 128 546 ’
245 547 332 612 neris
353 546 531 628 utilitates,
560 541 607 608 uti
637 565 680 606 ex
706 541 757 606 his
788 539 1085 626 comparationibus
1116 535 1160 600 ad
1190 534 1451 598 aeternitatem

245 665 411 752 perfectus
431 663 592 730 habeatur
613 665 684 726 sine
703 660 785 726 vitio
806 679 929 723 murus.

687 895 877 963 CAPUT
909 895 968 961 VI.

335 1075 362 1134 1.
381 1070 462 1155 (47.)
478 1067 652 1134 Moenibus
665 1066 876 1132 circumdatis
890 1071 1070 1153 sequuntur
1080 1064 1168 1129 intra
1184 1084 1315 1126 murum
1333 1083 1445 1126 area-

155 1254 157 1260 .
216 1217 228 1254 s
247 1214 322 1280 rum
335 1191 530 1271 divisiones,
554 1187 798 1274 platearumque
816 1195 848 1250 et
862 1186 1092 1271 angiportuum
1109 1183 1152 1246 ad
1167 1181 1250 1246 caeli
1266 1181 1442 1266 regiones

248 1309 454 1374 directiones.
499 1306 696 1391 Dirigentur
717 1305 780 1369 hae
803 1315 911 1371 autem
932 1311 1019 1368 recte
1030 1353 1039 1386 ,
1071 1303 1099 1368 si
1117 1301 1244 1368 exclusi
1264 1308 1372 1364 erunt
1395 1321 1444 1363 ex

247 1428 431 1515 angiportis
450 1427 541 1491 venti
560 1423 755 1512 prudenter,
785 1426 841 1510 qui
862 1426 890 1488 si
911 1422 1026 1508 frigidi
1045 1419 1120 1485 sunt
1138 1419 1289 1502 laedunt,
1320 1421 1353 1482 si
1382 1441 1441 1482 ca-

247 1545 307 1610 lidi
331 1547 466 1628 vitiant,
497 1547 526 1608 si
551 1540 679 1607 humidi
707 1550 835 1607 nocent.
882 1541 992 1622 Quare
1014 1538 1185 1605 vitandum
1207 1537 1344 1602 videtur
1369 1536 1440 1601 hoc

247 1664 365 1728 vitium
394 1671 426 1727 et
452 1660 706 1742 advertendum,
738 1683 780 1724 ne
806 1659 877 1742 fiat,
910 1659 997 1747 quod
1024 1659 1061 1722 in
1086 1657 1196 1720 multis
1226 1656 1436 1721 civitatibus

205 1801 230 1842 ιο
247 1802 310 1844 usu
339 1779 422 1843 solet
449 1779 580 1862 venire3
619 1778 891 1864 quemadmodum
923 1780 957 1841 in
984 1776 1093 1841 insula
1122 1776 1231 1841 Lesbo
1264 1775 1435 1862 oppidum

163 1971 173 1988 .
246 1895 406 1983 Mytilene
427 1885 675 1982 magnificenter
697 1906 748 1962 est
769 1897 976 1962 aedificatum
1000 1903 1031 1959 et
1052 1897 1236 1981 eleganter,
1258 1894 1319 1958 sed
1336 1896 1432 1980 posi-

246 2025 316 2078 tum
346 2037 412 2079 non
437 2015 623 2102 prudenter.
668 2015 708 2107 In
731 2038 796 2101 qua
819 2016 953 2079 civitate
975 2015 1098 2078 Auster
1121 2036 1194 2078 cum
1212 2013 1286 2096 flat,
1319 2011 1432 2077 homi-

247 2157 305 2198 nes
329 2141 516 2219 aegrotant3
551 2155 624 2196 cum
644 2133 765 2216 Corus,
799 2134 960 2216 tussiunt3
994 2154 1067 2197 oum
1091 2131 1292 2220 Septentrio,
1330 2135 1429 2197 resti·

247 2262 384 2318 tuuntur
416 2253 452 2318 in
482 2251 722 2335 salubritatem,
757 2252 815 2316 sed
848 2253 882 2315 in
916 2251 1097 2338 angiportis
1132 2260 1164 2316 et
1200 2229 1319 2339 plateis
1357 2275 1428 2318 non
1479 2331 1480 2336 ἵ

206 2381 385 2460 reposcunt
408 2373 586 2439 consistere
609 2377 741 2459 propter
761 2371 1003 2436 vehementiam
1022 2370 1167 2455 frigoris

332 2533 362 2592 2.
388 2527 469 2614 (48.)
492 2507 615 2590 Ventus
644 2534 752 2589 autem
778 2533 827 2588 est
848 2525 933 2590 aeris
955 2525 1060 2590 fluens
1083 2524 1173 2589 unda
1195 2546 1270 2589 oum
1293 2523 1424 2588 incerta

178 2639 181 2646 ’
247 2655 352 2710 motus
371 2644 609 2726 redundantia3
631 2645 777 2708 nascitur
798 2665 871 2707 oum
892 2643 1002 2708 fervor
1025 2643 1162 2707 offendit
1180 2643 1367 2725 humorem,
1392 2652 1424 2708 et

247 2765 388 2848 impetus
412 2761 637 2826 calefactionis
658 2763 812 2849 exprimit
833 2763 901 2825 vim
924 2763 1058 2850 spiritus
1081 2761 1201 2826 flantis.
1247 2763 1287 2826 Id
1310 2771 1422 2827 autem

246 2902 362 2972 verum
384 2901 471 2960 esse,
503 2901 546 2944 ex
572 2878 744 2965 aeolipylis
770 2883 876 2946 aereis
899 2882 976 2946 licet
996 2883 1161 2967 aspicere,
1195 2889 1227 2944 et
1253 2881 1293 2946 de
1317 2881 1420 2946 laten-

203 2998 335 3064 cotibus
370 2997 453 3062 caeli
485 2996 678 3063 rationibus
702 3000 886 3065 artificiosis
920 3022 1030 3066 rerum
1061 2999 1308 3064 inventionibus
1336 2999 1419 3064 divi-

247 3117 361 3182 nitatis
392 3116 573 3203 exprimere
605 3118 787 3182 veritatem.
832 3119 934 3184 Fiunt
965 3120 1051 3183 enim
1085 3117 1268 3205 aeolipylae
1302 3141 1418 3184 aereae

247 3258 367 3318 cavae3
397 3235 460 3298 hae
482 3233 605 3300 habent
626 3244 783 3321 punctum
804 3239 1087 3323 angustissimum,
1116 3260 1182 3324 qua
1202 3260 1288 3325 aqua
1310 3240 1416 3306 infun-

246 3355 383 3436 duntur,
405 3352 670 3439 collocanturque
694 3353 736 3417 ad
757 3356 892 3440 ignem,
908 3365 940 3420 et
954 3338 1130 3442 antequam
1148 3333 1328 3440 calescant,
1351 3383 1415 3425 non

246 3472 368 3538 habent
397 3472 501 3536 ullum
536 3473 703 3559 spiritum3
741 3475 838 3538 simul
869 3483 979 3539 autem
1009 3484 1046 3540 ut
1079 3473 1206 3540 fervere
1242 3481 1413 3564 coeperint,

203 3608 230 3648 rs
248 3589 397 3654 efficiunt
419 3591 462 3654 ad
491 3590 601 3676 ignem
621 3591 847 3656 vehementem
867 3593 992 3658 flatum.
1037 3593 1088 3658 Ita
1111 3596 1195 3658 scire
1217 3603 1250 3658 et
1271 3595 1412 3662 iudicare

248 3709 325 3773 licet
346 3731 363 3772 e
383 3730 487 3796 parvo
507 3707 768 3796 brevissimoque
791 3711 978 3797 spectaculo
999 3712 1038 3777 de
1062 3716 1191 3800 magnis
1214 3723 1246 3779 et
1270 3716 1411 3781 immani·

245 3825 308 3890 bus
332 3827 414 3892 caeli
435 3835 670 3914 ventorumque
693 3837 830 3893 naturae
852 3830 1043 3897 rationibus.

187 4075 190 4081 Ι
333 3980 362 4041 3.
377 3978 458 4064 (49.)
475 3978 575 4043 Venti
589 3980 616 4043 si
628 3981 755 4045 exclusi
769 3981 907 4066 fuerint,
927 4006 992 4049 non
1010 3984 1115 4050 solum
1138 3985 1283 4051 efficient
1306 4009 1407 4074 corpo-

247 4096 338 4161 ribus
358 4078 543 4162 valentibus
570 4097 677 4162 locum
701 4099 880 4185 salubrem,
905 4103 1085 4168 sedetiam
1114 4105 1142 4168 si
1169 4106 1226 4192 qui
1247 4104 1350 4170 morbi
1369 4075 1407 4171 eir

204 4241 229 4282 so
247 4213 319 4277 aliis
332 4215 423 4279 vitiis
438 4215 521 4280 forte
534 4226 720 4301 nascentur,
741 4220 798 4304 qui
811 4220 846 4284 in
858 4223 974 4286 ceteris
987 4223 1174 4289 salubribus
1194 4223 1275 4289 locis
1293 4223 1404 4289 habent

247 4333 431 4396 curationes
453 4335 636 4400 medicinae
658 4337 857 4422 contrariae,
880 4341 914 4403 in
935 4341 987 4406 his
1007 4350 1141 4430 propter
1161 4349 1403 4428 temperaturam
