3028 5164
268 425 329 486 208
771 443 928 491 vrrauvu

268 591 431 656 disturbat
453 592 630 658 secundam
650 617 711 658 nec
730 596 958 681 insequentes3
982 596 1039 660 sed
1059 618 1171 661 omnes
1192 601 1263 663 sine
1285 621 1453 663 resonan-
1474 593 1497 636 il

267 711 313 774 tia
333 713 528 797 perveniunt
554 712 597 776 ad
625 714 762 777 imorum
792 721 823 777 et
850 713 893 777 ad
921 736 1120 778 summorum
1146 738 1252 780 aures.
1298 718 1327 779 8.
1358 716 1450 802 (22.)
1472 699 1498 792 ’ΜΜ

266 827 356 913 Ergo
380 837 508 893 veteres
530 830 699 894 architecti
719 839 855 895 naturae
875 834 1017 918 vestigia
1034 836 1199 920 persecuti
1220 833 1449 919 indagationi·
1478 807 1498 839 ΜΜ

265 947 328 1011 bus
349 949 440 1013 vocis
470 949 658 1013 scandentis
683 949 883 1015 theatrorum
911 931 1121 1038 perfecerunt
1150 952 1382 1038 gradationes,
1416 959 1450 1014 et
1480 930 1498 1044 ΜΗ

237 1067 500 1152 squaesiverunt
519 1087 578 1152 per
599 1067 788 1131 canonicam
811 1069 1115 1134 mathematicorum
1143 1078 1174 1134 et
1202 1071 1364 1134 musicam
1392 1091 1447 1133 ra·
1481 1092 1499 1150 ,p

265 1185 403 1267 tionem,
425 1192 462 1248 ut
484 1206 699 1272 quaecunque
722 1205 789 1248 vox
810 1194 897 1250 esset
915 1188 950 1250 in
968 1209 1083 1270 scena,
1106 1187 1227 1252 clarior
1250 1195 1282 1252 et
1303 1188 1447 1252 suavior
1482 1195 1499 1252 s

267 1304 308 1368 ad
346 1311 564 1391 spectatorum
592 1305 780 1388 perveniret
813 1326 920 1392 aures.
968 1303 1050 1390 (23.)
1090 1305 1149 1369 Uti
1185 1307 1272 1370 enim
1312 1326 1447 1390 organa
1487 1298 1499 1354 'l

267 1425 378 1487 aeneis
410 1421 540 1486 laminis
570 1430 627 1485 aut
660 1423 786 1487 corneis
814 1413 937 1504 ἠχείοις
970 1422 1012 1486 ad
1043 1423 1237 1487 chordarum
1271 1426 1444 1487 sonituum
1484 1397 1498 1454 'l

267 1541 448 1606 claritatem
481 1540 709 1627 perficiuntur,
742 1542 790 1604 sic
820 1540 1021 1605 theatrorum
1056 1563 1115 1627 per
1147 1539 1362 1607 harmonicen
1398 1539 1443 1602 ad
1488 1522 1500 1558 ’Μ

223 1678 249 1719 10
267 1659 451 1744 augendam
473 1681 587 1725 vocem
610 1660 876 1725 ratiocinationes
900 1660 1105 1747 abantiquis
1129 1668 1204 1726 sunt
1225 1661 1441 1725 constitutae.

660 1910 851 1975 carus
879 1911 920 1976 v.
946 1913 1034 2000 (iv.)

352 2136 380 2196 l.
404 2133 485 2218 (24.)
508 2132 709 2198 Harmonica
731 2141 840 2198 autem
864 2142 913 2198 est
934 2137 1059 2199 musica
1088 2137 1272 2200 litteratura
1293 2136 1440 2201 obscura
1500 2167 1502 2204 z

265 2259 297 2315 et
316 2251 477 2334 difficilis,
499 2253 641 2316 maxime
663 2252 795 2338 quidem
818 2252 936 2339 quibus
954 2252 1102 2317 Graecae
1119 2251 1246 2317 litterae
1269 2274 1335 2318 non
1360 2261 1439 2317 sunt
1501 2269 1502 2306 l

265 2380 376 2453 notae3
400 2392 498 2459 quam
520 2372 548 2435 si
570 2371 719 2435 volumus
739 2371 921 2457 explicare,
948 2392 1081 2434 necesse
1103 2380 1153 2435 est
1175 2373 1274 2435 etiam
1294 2371 1437 2434 Graecis

225 2513 248 2552 rs
264 2490 375 2554 verbis
395 2491 462 2572 uti,
487 2489 573 2574 quod
593 2489 751 2554 nonnulla
770 2512 881 2554 eorum
898 2488 1035 2553 Latinas
1059 2510 1125 2553 non
1144 2489 1268 2554 habent
1290 2489 1435 2576 appella·
1501 2572 1503 2590 Η

263 2609 380 2672 tiones.
436 2607 552 2694 Itaque
584 2615 620 2671 ut
648 2615 778 2694 potero,
809 2628 906 2694 quam
931 2607 1140 2693 ,apertissime
1169 2629 1212 2670 ex
1239 2607 1435 2670 Aristoxeni

265 2727 436 2813 scripturis
455 2726 709 2808 interpretabor,
739 2734 771 2789 et
795 2728 865 2790 eius
885 2726 1089 2810 diagramma
1111 2724 1329 2807 subscribam,
1359 2724 1434 2794 fini·

263 2844 433 2928 tionesque
457 2843 621 2905 sonituum
650 2841 849 2928 designab0‚
874 2845 923 2907 uti
948 2844 1005 2930 qui
1032 2840 1223 2926 diligentius
1245 2842 1434 2922 attenderit,

263 2960 394 3024 facilius
416 2961 583 3047 percipere
607 2962 721 3046 possit.

221 3102 247 3142 πο
344 3079 378 3139 ,2.
403 3077 484 3164 (25.)
512 3077 588 3142 Vox
614 3080 702 3143 enim
730 3079 965 3144 mutationibus
995 3100 1069 3142 cum
1096 3077 1253 3160 flectitur,
1285 3077 1368 3141 alias
1394 3075 1431 3140 fit

263 3205 375 3278 acuta,
396 3194 477 3259 alias
500 3197 631 3281 gravis,
654 3197 847 3284 duobusque
863 3198 968 3262 modis
983 3206 1147 3280 movetur,
1170 3219 1187 3261 e
1206 3195 1324 3283 quibus
1343 3215 1430 3260 unus

262 3318 396 3382 effectus
425 3313 527 3379 habet
556 3316 776 3399 continuatos,
810 3317 893 3382 alter
919 3317 1088 3381 distantes.
1135 3314 1334 3380 Continuata
1362 3333 1430 3379 vox

261 3459 366 3525 neque
385 3437 421 3500 in
442 3433 643 3514 finitionibus
665 3436 815 3500 consistit
822 3484 831 3517 ‚
861 3458 966 3522 neque
993 3436 1028 3498 in
1054 3433 1126 3498 loco
1150 3432 1233 3515 ullo,
1262 3431 1428 3516 efficitque

260 3554 507 3620 terminationes
527 3575 593 3617 non
616 3563 830 3640 apparentes,
852 3552 1027 3619 intervalla
1053 3562 1162 3616 autem
1184 3548 1292 3614 media
1312 3570 1428 3634 paren-

219 3694 245 3736 as
260 3676 323 3757 tia,
346 3675 396 3738 uti
418 3693 566 3737 sermone
585 3693 657 3736 cum
677 3672 825 3737 dicamus
848 3672 916 3755 sol,
937 3672 1013 3754 lux,
1035 3670 1111 3752 flos,
1135 3690 1218 3750 vox3
1239 3675 1318 3731 tunc
1340 3667 1427 3730 enim

260 3791 431 3856 necunde
460 3792 576 3877 incipit
601 3812 662 3854 neo
691 3789 749 3855 ubi
776 3789 912 3878 desinit,
937 3789 1157 3874 intellegitur,
1180 3807 1246 3850 nec
1272 3805 1356 3871 quae
1384 3803 1426 3847 ex

260 3917 357 3973 acuta
378 3908 466 3972 sacta
486 3917 536 3972 est
554 3908 686 3994 gravis,
709 3930 751 3972 ex
769 3908 864 3992 gravi
879 3915 992 3990 acuta,
1015 3912 1151 3993 apparet
1171 3902 1317 3968 auribus.
1362 3902 1426 3965 Per

220 4078 222 4084 s
260 4027 449 4092 distantiam
471 4035 579 4089 autem
603 4050 620 4091 e
644 4027 820 4108 contrari03
848 4047 988 4116 namque
1011 4045 1085 4088 cum
1111 4021 1268 4103 flectitur,
1301 4023 1335 4087 in
1357 4041 1426 4084 mu-

258 4147 382 4209 tatione
402 4165 470 4208 vox
489 4144 603 4207 statuit
629 4166 663 4207 se
694 4144 729 4207 in
750 4143 889 4209 alicuius
916 4143 1041 4210 sonitus
1063 4139 1226 4220 finitione,
1251 4131 1371 4204 deinde
1392 4139 1426 4210 iu

218 4283 244 4324 so
260 4262 409 4345 alterius,
443 4270 485 4326 et.
504 4262 539 4325 id
568 4261 653 4326 ultro
681 4261 763 4326 citro
791 4260 905 4326 crebre
933 4259 1084 4324 faciendo
1112 4266 1266 4322 constans
1292 4262 1427 4343 apparet

261 4377 426 4459 sensibus,
452 4380 501 4441 uti
523 4378 557 4440 in
579 4379 786 4443 cantionibus
812 4399 885 4441 cum
908 4375 1077 4476 flectentes
1099 4397 1214 4441 vocem
1234 4376 1425 4440 varietatem
