3028 5164
270 448 330 509 196
770 454 929 501 v1ruuv11

268 620 299 676 et
319 609 457 697 privatis
477 610 633 694 negotiis,
666 607 780 693 paucis
803 605 948 670 iudicavi
972 603 1199 686 scribendum,
1227 603 1276 667 uti
1296 610 1457 688 angusto

267 731 371 816 spatio
392 728 568 792 vacuitatis
591 748 630 790 ea
648 724 795 810 legentes
817 725 965 790 breviter
986 723 1154 809 percipere
1175 730 1321 809 possent.

353 846 413 933 (4.)
436 846 611 930 Etiamque
638 843 846 929 Pythagorae
872 843 992 929 quique
1019 842 1089 906 eius
1119 840 1281 905 haeresim
1304 840 1456 904 fuerunt

268 967 387 1047 secuti,
419 963 559 1051 placuit,
593 961 719 1026 cubicis
745 959 927 1025 rationibus
954 968 1130 1046 praecepta
1156 961 1191 1023 in
1214 958 1455 1024 voluminibus

236 1085 427 1166 ascribere3
451 1082 752 1164 constitueruntque
773 1077 893 1142 cubum
915 1077 1057 1142 CCXVI
1074 1100 1207 1160 versus,
1230 1099 1353 1164 eosque
1379 1099 1455 1140 non

267 1202 341 1288 plus
369 1209 434 1263 tres
464 1200 500 1262 in
525 1219 592 1260 una
619 1196 858 1280 conscriptione
887 1204 1036 1281 oportere
1058 1219 1131 1260 esse
1152 1202 1364 1283 putaverunt.
1419 1201 1454 1258 4.

269 1317 382 1382 (lubus
406 1323 585 1380 autem'est
615 1335 732 1400 corpus
760 1334 820 1376 sex
842 1311 1000 1377 lateribus
1023 1313 1153 1400 aequali
1175 1313 1348 1378 latitudine
1374 1312 1455 1398 pla-

268 1437 424 1508 nitiarum
445 1432 718 1519 perquadratum3
746 1432 774 1494 is
804 1453 877 1494 cum
901 1439 949 1495 est
975 1433 1099 1514 iactus,
1123 1453 1222 1518 quam
1248 1433 1284 1495 in
1312 1439 1453 1518 partem

269 1553 436 1633 incubuit,
465 1551 541 1615 dum
565 1560 614 1615 est
641 1550 799 1632 intactus,
828 1550 993 1614 immotam
1016 1549 1115 1614 habet
1138 1549 1371 1632 stabilitatem,
1399 1552 1454 1612 uti

228 1694 254 1733 ιο
271 1679 347 1735 sunt
376 1672 475 1734 etiam
507 1677 665 1750 tesserae,
694 1690 775 1753 quas
797 1669 831 1730 in
854 1667 948 1733 alveo
977 1667 1125 1733 ludentes
1156 1669 1290 1732 iaciunt.
1342 1666 1453 1730 Hanc

269 1797 378 1852 autem
400 1775 647 1850 similitudinem
663 1807 705 1847 ex
722 1807 760 1848 eo
780 1787 959 1873 sumpsisse
980 1786 1152 1869 videntur,
1175 1786 1264 1872 quod
1280 1787 1309 1849 is
1328 1808 1453 1850 nume-

269 1927 324 1968 rus
352 1925 523 1984 versuum,
555 1902 605 1963 uti
631 1900 749 1984 cubus,
783 1905 818 1967 in
846 1919 1081 1991 quemcumque
1108 1927 1240 1970 sensum
1270 1904 1451 1985 insederit,

271 2023 436 2085 immotam
457 2018 580 2082 efficiat
601 2017 649 2081 ibi
667 2020 841 2083 memoriae
866 2023 1091 2087 stabilitatem.

358 2138 418 2225 (5.)
449 2136 569 2202 Graeci
596 2155 723 2220 quoque
749 2144 864 2219 poetae
892 2143 1007 2205 comici
1035 2143 1277 2228 interponentes
1299 2165 1316 2204 e
1339 2141 1447 2206 choro

153 2241 154 2245 Ἰ
229 2282 254 2323 15
271 2256 435 2322 canticum
471 2255 654 2320 diviserunt
693 2253 799 2338 spatia
836 2253 1039 2341 fabularum,
1082 2261 1128 2322 ita
1168 2267 1278 2346 partes
1323 2259 1450 2323 cubica

271 2379 397 2442 ratione
433 2373 591 2438 facientes
631 2371 932 2456 intercapedinibus
968 2375 1080 2441 levant
1116 2386 1263 2442 aetorum
1298 2357 1449 2464 pronun-

269 2497 436 2561 tiationes.

358 2619 388 2676 5.
420 2611 481 2698 (6.)
515 2609 597 2673 Cum
626 2631 703 2694 ergo
732 2595 820 2671 haec
839 2607 982 2672 naturali
1010 2609 1106 2672 modo
1135 2615 1201 2677 sint
1222 2635 1242 2677 a
1261 2612 1447 2678 maioribus

273 2732 465 2810 observata,
489 2729 662 2814 animoque
685 2727 873 2809 advertam,
899 2727 1073 2790 inusitatas
1097 2735 1129 2791 ct
1151 2729 1305 2796 obscuras
1326 2730 1447 2794 multis

228 2871 254 2911 20
272 2871 324 2916 res
348 2867 419 2910 csse
448 2844 528 2909 mihi
557 2844 765 2926 scribendas,
795 2865 858 2930 quo
887 2843 1018 2908 facilius
1046 2845 1089 2944 acl
1118 2868 1232 2910 sensus
1257 2848 1446 2933 legentium

271 2963 445 3050 pervenire
475 2963 617 3047 possint,
651 2962 807 3026 brevibus
840 2962 1072 3028 voluminibus.
1098 2964 1245 3028 iudicavi
1280 2967 1446 3049 scribere3

272 3081 318 3142 ita
338 3081 425 3143 enim
448 3079 602 3165 expedita
622 3089 717 3144 erunt
744 3080 787 3143 ad
811 3080 1084 3166 intellegendum
1115 3102 1290 3167 eorumque
1313 3083 1447 3147 ordina·

271 3198 376 3261 tiones
399 3198 544 3280 institui,
568 3199 616 3261 uti
635 3220 699 3262 non
717 3187 783 3262 sint
804 3201 1037 3285 quaerentibus
1055 3200 1230 3285 separatim
1246 3198 1445 3284 colligenda,

272 3315 331 3379 sed
354 3338 371 3379 e
394 3337 529 3403 corpore
550 3338 615 3379 uno
639 3317 725 3380 etin
756 3318 892 3404 singulis
918 3317 1138 3382 voluminibus
1164 3339 1321 3402 generum
1344 3317 1445 3382 habe-

226 3461 253 3500 as
271 3441 344 3498 rent
366 3433 613 3521 explicationes.

357 3551 417 3636 (7.)
447 3550 579 3636 Itaque,
610 3550 749 3635 Caesar,
784 3553 880 3617 tertio
912 3561 944 3617 et
976 3561 1091 3639 quarto
1114 3552 1280 3618 volumine
1308 3554 1443 3619 aedium

271 3690 437 3732 sacrarum
459 3669 601 3733 rationes
624 3671 780 3755 exposui3
802 3669 863 3737 hoc
886 3669 970 3735 libro
989 3669 1195 3757 publicorum
1216 3670 1361 3735 locorum
1384 3693 1441 3733 ex-

257 3787 402 3873 'pediam
423 3785 662 3872 dispositiones.

727 3968 918 4035 CAPUT
951 3973 977 4038 Ι.

226 4167 252 4206 ao
355 4141 565 4226 Primumque
591 4138 698 4202 forum
718 4140 766 4201 uti
789 4141 946 4222 oporteat
957 4141 1127 4222 constitui,
1150 4139 1272 4222 dicam,
1296 4140 1383 4226 quod
1405 4143 1439 4204 in

272 4279 309 4321 eo
329 4265 360 4320 et
381 4256 586 4342 publicarum
614 4264 645 4319 et
665 4257 869 4340 privatarum
891 4279 1000 4322 rerum
1022 4259 1166 4322 rationes
1186 4278 1246 4342 per
1268 4258 1438 4341 magistra·

270 4381 322 4436 tus
340 4372 576 4453 gubernantur.
