<?xml version="1.0" encoding="UTF-8"?>
<!DOCTYPE html PUBLIC "-//W3C//DTD XHTML 1.0 Transitional//EN"
    "http://www.w3.org/TR/xhtml1/DTD/xhtml1-transitional.dtd">
<html xmlns="http://www.w3.org/1999/xhtml" xml:lang="en" lang="en">
 <head>
  <title>
</title>
<meta http-equiv="Content-Type" content="text/html;charset=utf-8" />
  <meta name='ocr-system' content='tesseract 3.04.00' />
  <meta name='ocr-capabilities' content='ocr_page ocr_carea ocr_par ocr_line ocrx_word'/>
</head>
<body>
  <div class='ocr_page' id='page_1' title='image "./marcivitruviipo00loregoog_0154.png"; bbox 0 0 3008 5162; ppageno 0'>
   <div class='ocr_carea' id='block_1_1' title="bbox 242 384 901 446">
    <p class='ocr_par' dir='ltr' id='par_1_1' title="bbox 242 384 901 446">
     <span class='ocr_line' id='line_1_1' title="bbox 242 384 901 446; baseline -0.017 0"><span class='ocrx_word' id='word_1_1' title='bbox 242 384 303 446; x_wconf 86' lang='grc'>146</span> <span class='ocrx_word' id='word_1_2' title='bbox 742 389 901 438; x_wconf 79' lang='grc'>1111111111</span> 
     </span>
    </p>
   </div>
   <div class='ocr_carea' id='block_1_2' title="bbox 217 540 1424 1590">
    <p class='ocr_par' dir='ltr' id='par_1_2' title="bbox 243 540 1420 985">
     <span class='ocr_line' id='line_1_2' title="bbox 243 540 1418 631; baseline -0.006 -21"><span class='ocrx_word' id='word_1_3' title='bbox 243 547 441 631; x_wconf 77' lang='lat' dir='ltr'>astragalum</span> <span class='ocrx_word' id='word_1_4' title='bbox 467 547 585 610; x_wconf 89' lang='lat' dir='ltr'>summi</span> <span class='ocrx_word' id='word_1_5' title='bbox 611 544 719 631; x_wconf 71' lang='lat' dir='ltr'>scapi,</span> <span class='ocrx_word' id='word_1_6' title='bbox 745 544 902 629; x_wconf 88' lang='lat' dir='ltr'>cymatio,</span> <span class='ocrx_word' id='word_1_7' title='bbox 929 540 1082 627; x_wconf 85' lang='lat' dir='ltr'>adempto</span> <span class='ocrx_word' id='word_1_8' title='bbox 1110 541 1216 606; x_wconf 80' lang='lat' dir='ltr'>abaco</span> <span class='ocrx_word' id='word_1_9' title='bbox 1238 549 1270 604; x_wconf 92' lang='lat' dir='ltr'>et</span> <span class='ocrx_word' id='word_1_10' title='bbox 1296 541 1418 623; x_wconf 83' lang='lat' dir='ltr'>canali,</span> 
     </span>
     <span class='ocr_line' id='line_1_3' title="bbox 244 653 1418 751; baseline -0.007 -22"><span class='ocrx_word' id='word_1_11' title='bbox 244 664 371 751; x_wconf 88' lang='lat' dir='ltr'>reliqua</span> <span class='ocrx_word' id='word_1_12' title='bbox 392 665 435 728; x_wconf 89' lang='lat' dir='ltr'>sit</span> <span class='ocrx_word' id='word_1_13' title='bbox 456 685 544 750; x_wconf 80' lang='lat' dir='ltr'>pars.</span> <span class='ocrx_word' id='word_1_14' title='bbox 582 663 772 727; x_wconf 83' lang='lat' dir='ltr'>Proiectura</span> <span class='ocrx_word' id='word_1_15' title='bbox 790 669 900 732; x_wconf 85' lang='lat' dir='ltr'>autern</span> <span class='ocrx_word' id='word_1_16' title='bbox 917 659 1053 744; x_wconf 81' lang='lat' dir='ltr'>cymatii</span> <span class='ocrx_word' id='word_1_17' title='bbox 1072 657 1195 724; x_wconf 88' lang='lat' dir='ltr'>habeat</span> <span class='ocrx_word' id='word_1_18' title='bbox 1210 653 1302 723; x_wconf 85' lang='lat' dir='ltr'>extra</span> <span class='ocrx_word' id='word_1_19' title='bbox 1317 658 1418 722; x_wconf 87' lang='lat' dir='ltr'>abaci</span> 
     </span>
     <span class='ocr_line' id='line_1_4' title="bbox 246 753 1420 868; baseline -0.006 -22"><span class='ocrx_word' id='word_1_20' title='bbox 246 780 404 866; x_wconf 87' lang='lat' dir='ltr'>quadram</span> <span class='ocrx_word' id='word_1_21' title='bbox 435 782 521 847; x_wconf 91' lang='lat' dir='ltr'>oculi</span> <span class='ocrx_word' id='word_1_22' title='bbox 555 779 824 868; x_wconf 65' lang='lat' dir='ltr'>magnitudinem.</span> <span class='ocrx_word' id='word_1_23' title='bbox 879 778 961 866; x_wconf 85' lang='grc'>(48.)</span> <span class='ocrx_word' id='word_1_24' title='bbox 994 753 1211 844; x_wconf 88' lang='lat' dir='ltr'>Pulvinorum</span> <span class='ocrx_word' id='word_1_25' title='bbox 1241 778 1354 858; x_wconf 88' lang='lat' dir='ltr'>baltei</span> <span class='ocrx_word' id='word_1_26' title='bbox 1372 777 1420 840; x_wconf 90' lang='lat' dir='ltr'>ab</span> 
     </span>
     <span class='ocr_line' id='line_1_5' title="bbox 246 897 1419 985; baseline -0.007 -21"><span class='ocrx_word' id='word_1_27' title='bbox 246 900 350 965; x_wconf 87' lang='lat' dir='ltr'>abaco</span> <span class='ocrx_word' id='word_1_28' title='bbox 378 899 463 963; x_wconf 90' lang='lat' dir='ltr'>hanc</span> <span class='ocrx_word' id='word_1_29' title='bbox 491 899 635 964; x_wconf 86' lang='lat' dir='ltr'>habeant</span> <span class='ocrx_word' id='word_1_30' title='bbox 656 899 891 985; x_wconf 80' lang='lat' dir='ltr'>proiecturam,</span> <span class='ocrx_word' id='word_1_31' title='bbox 921 897 969 960; x_wconf 87' lang='lat' dir='ltr'>uti</span> <span class='ocrx_word' id='word_1_32' title='bbox 996 897 1111 961; x_wconf 89' lang='lat' dir='ltr'>circini</span> <span class='ocrx_word' id='word_1_33' title='bbox 1138 906 1286 961; x_wconf 81' lang='lat' dir='ltr'>centrum</span> <span class='ocrx_word' id='word_1_34' title='bbox 1312 917 1419 958; x_wconf 87' lang='lat' dir='ltr'>unum</span> 
     </span>
    </p>

    <p class='ocr_par' dir='ltr' id='par_1_3' title="bbox 217 1013 1424 1590">
     <span class='ocr_line' id='line_1_6' title="bbox 217 1013 1422 1103; baseline -0.005 -21"><span class='ocrx_word' id='word_1_35' title='bbox 217 1041 320 1082; x_wconf 86' lang='lat' dir='ltr'>soum</span> <span class='ocrx_word' id='word_1_36' title='bbox 344 1018 386 1081; x_wconf 88' lang='lat' dir='ltr'>sit</span> <span class='ocrx_word' id='word_1_37' title='bbox 407 1017 549 1102; x_wconf 87' lang='lat' dir='ltr'>positum</span> <span class='ocrx_word' id='word_1_38' title='bbox 570 1019 606 1082; x_wconf 94' lang='lat' dir='ltr'>in</span> <span class='ocrx_word' id='word_1_39' title='bbox 627 1014 762 1103; x_wconf 90' lang='lat' dir='ltr'>capituli</span> <span class='ocrx_word' id='word_1_40' title='bbox 782 1021 940 1098; x_wconf 84' lang='lat' dir='ltr'>tetrante,</span> <span class='ocrx_word' id='word_1_41' title='bbox 964 1024 995 1080; x_wconf 87' lang='lat' dir='ltr'>et</span> <span class='ocrx_word' id='word_1_42' title='bbox 1018 1016 1156 1080; x_wconf 88' lang='lat' dir='ltr'>alterum</span> <span class='ocrx_word' id='word_1_43' title='bbox 1181 1015 1348 1080; x_wconf 88' lang='lat' dir='ltr'>diducatur</span> <span class='ocrx_word' id='word_1_44' title='bbox 1375 1013 1422 1076; x_wconf 88' lang='lat' dir='ltr'>ad</span> 
     </span>
     <span class='ocr_line' id='line_1_7' title="bbox 248 1133 1423 1219; baseline -0.005 -19"><span class='ocrx_word' id='word_1_45' title='bbox 248 1143 429 1200; x_wconf 83' lang='lat' dir='ltr'>extremum</span> <span class='ocrx_word' id='word_1_46' title='bbox 449 1135 642 1219; x_wconf 89' lang='lat' dir='ltr'>cymatium,</span> <span class='ocrx_word' id='word_1_47' title='bbox 665 1134 897 1197; x_wconf 86' lang='lat' dir='ltr'>circumactum</span> <span class='ocrx_word' id='word_1_48' title='bbox 917 1133 1102 1198; x_wconf 88' lang='lat' dir='ltr'>balteorum</span> <span class='ocrx_word' id='word_1_49' title='bbox 1124 1141 1287 1198; x_wconf 82' lang='lat' dir='ltr'>extremas</span> <span class='ocrx_word' id='word_1_50' title='bbox 1305 1141 1423 1218; x_wconf 87' lang='lat' dir='ltr'>partes</span> 
     </span>
     <span class='ocr_line' id='line_1_8' title="bbox 247 1249 1422 1338; baseline -0.004 -21"><span class='ocrx_word' id='word_1_51' title='bbox 247 1261 372 1337; x_wconf 83' lang='lat' dir='ltr'>tangat.</span> <span class='ocrx_word' id='word_1_52' title='bbox 417 1251 510 1316; x_wconf 85' lang='lat' dir='ltr'>Axes</span> <span class='ocrx_word' id='word_1_53' title='bbox 530 1251 715 1316; x_wconf 88' lang='lat' dir='ltr'>volutarum</span> <span class='ocrx_word' id='word_1_54' title='bbox 738 1272 780 1314; x_wconf 90' lang='lat' dir='ltr'>ne</span> <span class='ocrx_word' id='word_1_55' title='bbox 802 1251 980 1315; x_wconf 79' lang='lat' dir='ltr'>crassiores</span> <span class='ocrx_word' id='word_1_56' title='bbox 997 1252 1062 1314; x_wconf 86' lang='lat' dir='ltr'>sint</span> <span class='ocrx_word' id='word_1_57' title='bbox 1078 1272 1176 1338; x_wconf 88' lang='lat' dir='ltr'>quam</span> <span class='ocrx_word' id='word_1_58' title='bbox 1192 1249 1279 1314; x_wconf 90' lang='lat' dir='ltr'>oculi</span> <span class='ocrx_word' id='word_1_59' title='bbox 1292 1251 1422 1334; x_wconf 86' lang='lat' dir='ltr'>magni-</span> 
     </span>
     <span class='ocr_line' id='line_1_9' title="bbox 247 1367 1424 1457; baseline -0.005 -21"><span class='ocrx_word' id='word_1_60' title='bbox 247 1371 346 1454; x_wconf 76' lang='lat' dir='ltr'>tudo,</span> <span class='ocrx_word' id='word_1_61' title='bbox 368 1371 564 1457; x_wconf 86' lang='lat' dir='ltr'>volutaeque</span> <span class='ocrx_word' id='word_1_62' title='bbox 585 1370 676 1455; x_wconf 84' lang='lat' dir='ltr'>ipsae</span> <span class='ocrx_word' id='word_1_63' title='bbox 699 1368 909 1434; x_wconf 88' lang='lat' dir='ltr'>succidantur</span> <span class='ocrx_word' id='word_1_64' title='bbox 930 1369 973 1433; x_wconf 91' lang='lat' dir='ltr'>ad</span> <span class='ocrx_word' id='word_1_65' title='bbox 993 1367 1179 1433; x_wconf 88' lang='lat' dir='ltr'>altitudinis</span> <span class='ocrx_word' id='word_1_66' title='bbox 1202 1390 1281 1433; x_wconf 87' lang='lat' dir='ltr'>suae</span> <span class='ocrx_word' id='word_1_67' title='bbox 1299 1367 1424 1432; x_wconf 87' lang='lat' dir='ltr'>duode-</span> 
     </span>
     <span class='ocr_line' id='line_1_10' title="bbox 250 1491 597 1590; baseline -0.003 -36"><span class='ocrx_word' id='word_1_68' title='bbox 250 1491 367 1554; x_wconf 89' lang='lat' dir='ltr'>cimam</span> <span class='ocrx_word' id='word_1_69' title='bbox 389 1497 525 1576; x_wconf 87' lang='lat' dir='ltr'>partem.</span> <span class='ocrx_word' id='word_1_70' title='bbox 592 1581 597 1590; x_wconf 92' lang='lat'>.</span> 
     </span>
    </p>
   </div>
   <div class='ocr_carea' id='block_1_3' title="bbox 209 1654 1428 1864">
    <p class='ocr_par' dir='ltr' id='par_1_4' title="bbox 209 1654 1428 1864">
     <span class='ocr_line' id='line_1_11' title="bbox 209 1654 1424 1746; baseline -0.003 -23"><span class='ocrx_word' id='word_1_71' title='bbox 209 1689 233 1730; x_wconf 86' lang='lat'>10</span> <span class='ocrx_word' id='word_1_72' title='bbox 337 1659 417 1746; x_wconf 87' lang='grc'>(49.)</span> <span class='ocrx_word' id='word_1_73' title='bbox 437 1658 510 1722; x_wconf 86' lang='lat' dir='ltr'>Hae</span> <span class='ocrx_word' id='word_1_74' title='bbox 533 1666 629 1721; x_wconf 89' lang='lat' dir='ltr'>erunt</span> <span class='ocrx_word' id='word_1_75' title='bbox 650 1657 858 1744; x_wconf 89' lang='lat' dir='ltr'>symmetriae</span> <span class='ocrx_word' id='word_1_76' title='bbox 881 1654 1113 1741; x_wconf 89' lang='lat' dir='ltr'>capitulorum,</span> <span class='ocrx_word' id='word_1_77' title='bbox 1143 1677 1228 1742; x_wconf 90' lang='lat' dir='ltr'>quae</span> <span class='ocrx_word' id='word_1_78' title='bbox 1250 1655 1424 1722; x_wconf 87' lang='lat' dir='ltr'>columnae</span> 
     </span>
     <span class='ocr_line' id='line_1_12' title="bbox 251 1773 1428 1864; baseline -0.003 -24"><span class='ocrx_word' id='word_1_79' title='bbox 251 1777 381 1841; x_wconf 86' lang='lat' dir='ltr'>futurae</span> <span class='ocrx_word' id='word_1_80' title='bbox 406 1785 482 1840; x_wconf 89' lang='lat' dir='ltr'>sunt</span> <span class='ocrx_word' id='word_1_81' title='bbox 511 1775 553 1840; x_wconf 89' lang='lat' dir='ltr'>ab</span> <span class='ocrx_word' id='word_1_82' title='bbox 576 1776 710 1839; x_wconf 89' lang='lat' dir='ltr'>minimo</span> <span class='ocrx_word' id='word_1_83' title='bbox 732 1775 775 1839; x_wconf 91' lang='lat' dir='ltr'>ad</span> <span class='ocrx_word' id='word_1_84' title='bbox 796 1775 897 1860; x_wconf 90' lang='lat' dir='ltr'>pedes</span> <span class='ocrx_word' id='word_1_85' title='bbox 919 1773 1029 1836; x_wconf 85' lang='lat' dir='ltr'>XXV.</span> <span class='ocrx_word' id='word_1_86' title='bbox 1075 1773 1168 1854; x_wconf 77' lang='lat' dir='ltr'>Quae</span> <span class='ocrx_word' id='word_1_87' title='bbox 1191 1796 1292 1864; x_wconf 89' lang='lat' dir='ltr'>supra</span> <span class='ocrx_word' id='word_1_88' title='bbox 1315 1783 1428 1856; x_wconf 88' lang='lat' dir='ltr'>erunt,</span> 
     </span>
    </p>
   </div>
   <div class='ocr_carea' id='block_1_4' title="bbox 252 2001 1425 2098">
    <p class='ocr_par' dir='ltr' id='par_1_5' title="bbox 252 2001 1425 2098">
     <span class='ocr_line' id='line_1_13' title="bbox 252 2001 1425 2098; baseline -0.002 -23"><span class='ocrx_word' id='word_1_89' title='bbox 252 2020 360 2075; x_wconf 88' lang='lat' dir='ltr'>autem</span> <span class='ocrx_word' id='word_1_90' title='bbox 390 2011 461 2074; x_wconf 80' lang='lat' dir='ltr'>erit&#39;</span> <span class='ocrx_word' id='word_1_91' title='bbox 482 2001 599 2095; x_wconf 84' lang='lat' dir='ltr'>longus</span> <span class='ocrx_word' id='word_1_92' title='bbox 623 2019 655 2074; x_wconf 91' lang='lat' dir='ltr'>et</span> <span class='ocrx_word' id='word_1_93' title='bbox 678 2009 781 2095; x_wconf 88' lang='lat' dir='ltr'>latus,</span> <span class='ocrx_word' id='word_1_94' title='bbox 812 2033 909 2098; x_wconf 88' lang='lat' dir='ltr'>quarn</span> <span class='ocrx_word' id='word_1_95' title='bbox 939 2032 1051 2074; x_wconf 87' lang='lat' dir='ltr'>crassa</span> <span class='ocrx_word' id='word_1_96' title='bbox 1084 2010 1236 2075; x_wconf 91' lang='lat' dir='ltr'>columna</span> <span class='ocrx_word' id='word_1_97' title='bbox 1265 2021 1316 2076; x_wconf 90' lang='lat' dir='ltr'>est</span> <span class='ocrx_word' id='word_1_98' title='bbox 1344 2013 1425 2094; x_wconf 88' lang='lat' dir='ltr'>ima,</span> 
     </span>
    </p>
   </div>
   <div class='ocr_carea' id='block_1_5' title="bbox 147 1892 1498 2288">
    <p class='ocr_par' dir='ltr' id='par_1_6' title="bbox 147 1831 1498 2288">
     <span class='ocr_line' id='line_1_14' title="bbox 147 1892 1426 1978; baseline -0.001 -19"><span class='ocrx_word' id='word_1_99' title='bbox 147 1903 152 1912; x_wconf 80' lang='grc'><strong>“</strong></span> <span class='ocrx_word' id='word_1_100' title='bbox 251 1894 394 1978; x_wconf 90' lang='lat' dir='ltr'>reliquas</span> <span class='ocrx_word' id='word_1_101' title='bbox 425 1892 593 1958; x_wconf 88' lang='lat' dir='ltr'>habebunt</span> <span class='ocrx_word' id='word_1_102' title='bbox 625 1893 668 1957; x_wconf 89' lang='lat' dir='ltr'>ad</span> <span class='ocrx_word' id='word_1_103' title='bbox 703 1893 839 1958; x_wconf 89' lang='lat' dir='ltr'>eundem</span> <span class='ocrx_word' id='word_1_104' title='bbox 871 1893 1004 1958; x_wconf 91' lang='lat' dir='ltr'>modum</span> <span class='ocrx_word' id='word_1_105' title='bbox 1039 1895 1263 1978; x_wconf 73' lang='lat' dir='ltr'>symmetrias,</span> <span class='ocrx_word' id='word_1_106' title='bbox 1297 1894 1426 1959; x_wconf 85' lang='lat' dir='ltr'>abacus</span> 
     </span>
     <span class='ocr_line' id='line_1_15' title="bbox 1497 2221 1498 2288; baseline 0 0"><span class='ocrx_word' id='word_1_107' title='bbox 1497 2221 1498 2288; x_wconf 86' lang='lat' dir='ltr'>l</span> 
     </span>
    </p>
   </div>
   <div class='ocr_carea' id='block_1_6' title="bbox 155 2127 1498 2804">
    <p class='ocr_par' dir='ltr' id='par_1_7' title="bbox 155 2127 1498 2804">
     <span class='ocr_line' id='line_1_16' title="bbox 254 2127 1427 2216; baseline -0.002 -24"><span class='ocrx_word' id='word_1_108' title='bbox 254 2128 382 2193; x_wconf 88' lang='lat' dir='ltr'>adiecta</span> <span class='ocrx_word' id='word_1_109' title='bbox 407 2136 500 2216; x_wconf 88' lang='lat' dir='ltr'>parte</span> <span class='ocrx_word' id='word_1_110' title='bbox 528 2149 631 2212; x_wconf 90' lang='lat' dir='ltr'>nona,</span> <span class='ocrx_word' id='word_1_111' title='bbox 665 2129 714 2192; x_wconf 95' lang='lat' dir='ltr'>uti</span> <span class='ocrx_word' id='word_1_112' title='bbox 741 2131 937 2215; x_wconf 90' lang='lat' dir='ltr'>quominus</span> <span class='ocrx_word' id='word_1_113' title='bbox 965 2127 1118 2194; x_wconf 89' lang='lat' dir='ltr'>habuerit</span> <span class='ocrx_word' id='word_1_114' title='bbox 1145 2130 1242 2194; x_wconf 90' lang='lat' dir='ltr'>altior</span> <span class='ocrx_word' id='word_1_115' title='bbox 1272 2129 1427 2194; x_wconf 90' lang='lat' dir='ltr'>columna</span> 
     </span>
     <span class='ocr_line' id='line_1_17' title="bbox 211 2227 1427 2336; baseline 0.003 -28"><span class='ocrx_word' id='word_1_116' title='bbox 211 2268 236 2309; x_wconf 77' lang='lat'>15</span> <span class='ocrx_word' id='word_1_117' title='bbox 254 2255 507 2331; x_wconf 85' lang='lat' dir='ltr'>contracturam,</span> <span class='ocrx_word' id='word_1_118' title='bbox 530 2227 568 2311; x_wconf 88' lang='lat' dir='ltr'>eo</span> <span class='ocrx_word' id='word_1_119' title='bbox 589 2269 631 2312; x_wconf 92' lang='lat' dir='ltr'>ne</span> <span class='ocrx_word' id='word_1_120' title='bbox 652 2247 760 2310; x_wconf 89' lang='lat' dir='ltr'>minus</span> <span class='ocrx_word' id='word_1_121' title='bbox 778 2246 899 2311; x_wconf 89' lang='lat' dir='ltr'>habeat</span> <span class='ocrx_word' id='word_1_122' title='bbox 918 2247 1097 2334; x_wconf 89' lang='lat' dir='ltr'>capitulum</span> <span class='ocrx_word' id='word_1_123' title='bbox 1112 2271 1191 2312; x_wconf 90' lang='lat' dir='ltr'>suae</span> <span class='ocrx_word' id='word_1_124' title='bbox 1213 2249 1427 2336; x_wconf 84' lang='lat' dir='ltr'>symmetriae</span> 
     </span>
     <span class='ocr_line' id='line_1_18' title="bbox 253 2365 1427 2455; baseline -0.002 -24"><span class='ocrx_word' id='word_1_125' title='bbox 253 2367 489 2455; x_wconf 86' lang='lat' dir='ltr'>proiecturam,</span> <span class='ocrx_word' id='word_1_126' title='bbox 514 2373 545 2430; x_wconf 89' lang='lat' dir='ltr'>et</span> <span class='ocrx_word' id='word_1_127' title='bbox 567 2367 602 2429; x_wconf 92' lang='lat' dir='ltr'>in</span> <span class='ocrx_word' id='word_1_128' title='bbox 623 2365 795 2430; x_wconf 87' lang='lat' dir='ltr'>latitudine</span> <span class='ocrx_word' id='word_1_129' title='bbox 819 2386 896 2428; x_wconf 90' lang='lat' dir='ltr'>suae</span> <span class='ocrx_word' id='word_1_130' title='bbox 915 2367 1019 2451; x_wconf 90' lang='lat' dir='ltr'>partis</span> <span class='ocrx_word' id='word_1_131' title='bbox 1036 2365 1265 2432; x_wconf 87' lang='lat' dir='ltr'>adiectionem.</span> <span class='ocrx_word' id='word_1_132' title='bbox 1296 2370 1325 2432; x_wconf 90' lang='lat'>8.</span> <span class='ocrx_word' id='word_1_133' title='bbox 1341 2365 1427 2452; x_wconf 88' lang='grc'>(50.)</span> 
     </span>
     <span class='ocr_line' id='line_1_19' title="bbox 253 2482 1426 2570; baseline -0.003 -20"><span class='ocrx_word' id='word_1_134' title='bbox 253 2487 306 2552; x_wconf 90' lang='lat' dir='ltr'>De</span> <span class='ocrx_word' id='word_1_135' title='bbox 327 2487 512 2552; x_wconf 88' lang='lat' dir='ltr'>volutarum</span> <span class='ocrx_word' id='word_1_136' title='bbox 535 2482 825 2570; x_wconf 88' lang='lat' dir='ltr'>descriptionibus,</span> <span class='ocrx_word' id='word_1_137' title='bbox 853 2484 902 2546; x_wconf 93' lang='lat' dir='ltr'>uti</span> <span class='ocrx_word' id='word_1_138' title='bbox 930 2484 973 2547; x_wconf 89' lang='lat' dir='ltr'>ad</span> <span class='ocrx_word' id='word_1_139' title='bbox 994 2485 1155 2548; x_wconf 87' lang='lat' dir='ltr'>circinum</span> <span class='ocrx_word' id='word_1_140' title='bbox 1177 2486 1244 2549; x_wconf 90' lang='lat' dir='ltr'>sint</span> <span class='ocrx_word' id='word_1_141' title='bbox 1265 2493 1356 2550; x_wconf 88' lang='lat' dir='ltr'>recte</span> <span class='ocrx_word' id='word_1_142' title='bbox 1378 2487 1426 2548; x_wconf 91' lang='lat' dir='ltr'>in·</span> 
     </span>
     <span class='ocr_line' id='line_1_20' title="bbox 155 2595 1498 2702; baseline -0.003 -34"><span class='ocrx_word' id='word_1_143' title='bbox 155 2595 159 2602; x_wconf 50' lang='lat'><strong>⁴</strong></span> <span class='ocrx_word' id='word_1_144' title='bbox 254 2603 403 2687; x_wconf 81' lang='lat' dir='ltr'>volutae,</span> <span class='ocrx_word' id='word_1_145' title='bbox 426 2599 698 2688; x_wconf 88' lang='lat' dir='ltr'>quemadmodum</span> <span class='ocrx_word' id='word_1_146' title='bbox 721 2598 965 2684; x_wconf 88' lang='lat' dir='ltr'>describantur,</span> <span class='ocrx_word' id='word_1_147' title='bbox 989 2603 1023 2665; x_wconf 93' lang='lat' dir='ltr'>in</span> <span class='ocrx_word' id='word_1_148' title='bbox 1046 2612 1192 2668; x_wconf 86' lang='lat' dir='ltr'>extremo</span> <span class='ocrx_word' id='word_1_149' title='bbox 1214 2603 1300 2669; x_wconf 87' lang='lat' dir='ltr'>libro</span> <span class='ocrx_word' id='word_1_150' title='bbox 1321 2603 1427 2669; x_wconf 85' lang='lat' dir='ltr'>forma</span> <span class='ocrx_word' id='word_1_151' title='bbox 1497 2629 1498 2702; x_wconf 67' lang='lat' dir='ltr'>y</span> 
     </span>
     <span class='ocr_line' id='line_1_21' title="bbox 256 2703 1498 2804; baseline -0.004 -19"><span class='ocrx_word' id='word_1_152' title='bbox 256 2730 288 2785; x_wconf 91' lang='lat' dir='ltr'>et</span> <span class='ocrx_word' id='word_1_153' title='bbox 308 2715 391 2784; x_wconf 82' lang='lat' dir='ltr'>ratib</span> <span class='ocrx_word' id='word_1_154' title='bbox 413 2740 525 2784; x_wconf 88' lang='lat' dir='ltr'>earum</span> <span class='ocrx_word' id='word_1_155' title='bbox 547 2719 608 2783; x_wconf 89' lang='lat' dir='ltr'>erit</span> <span class='ocrx_word' id='word_1_156' title='bbox 630 2718 825 2804; x_wconf 89' lang='lat' dir='ltr'>subscripta.</span> <span class='ocrx_word' id='word_1_157' title='bbox 1497 2703 1498 2712; x_wconf 10' lang='grc' dir='ltr'>ἶ</span> 
     </span>
    </p>
   </div>
   <div class='ocr_carea' id='block_1_7' title="bbox 190 2903 1498 4410">
    <p class='ocr_par' dir='ltr' id='par_1_8' title="bbox 211 2903 1498 2992">
     <span class='ocr_line' id='line_1_22' title="bbox 211 2903 1498 2992; baseline 0.002 -22"><span class='ocrx_word' id='word_1_158' title='bbox 211 2928 237 2970; x_wconf 82' lang='lat' dir='ltr'>ao</span> <span class='ocrx_word' id='word_1_159' title='bbox 342 2905 421 2990; x_wconf 88' lang='grc'>(51.)</span> <span class='ocrx_word' id='word_1_160' title='bbox 444 2903 606 2991; x_wconf 79' lang='lat' dir='ltr'>Capitulis</span> <span class='ocrx_word' id='word_1_161' title='bbox 628 2904 800 2992; x_wconf 85' lang='lat' dir='ltr'>perfectis,</span> <span class='ocrx_word' id='word_1_162' title='bbox 830 2903 948 2969; x_wconf 88' lang='lat' dir='ltr'>deinde</span> <span class='ocrx_word' id='word_1_163' title='bbox 976 2905 1200 2972; x_wconf 89' lang='lat' dir='ltr'>columnarum</span> <span class='ocrx_word' id='word_1_164' title='bbox 1225 2931 1296 2976; x_wconf 90' lang='lat' dir='ltr'>non</span> <span class='ocrx_word' id='word_1_165' title='bbox 1323 2909 1369 2978; x_wconf 80' lang='lat' dir='ltr'>ud</span> <span class='ocrx_word' id='word_1_166' title='bbox 1392 2909 1428 2972; x_wconf 93' lang='lat' dir='ltr'>li·</span> <span class='ocrx_word' id='word_1_167' title='bbox 1497 2913 1498 2920; x_wconf 76' lang='grc'>’</span> 
     </span>
    </p>

    <p class='ocr_par' dir='ltr' id='par_1_9' title="bbox 254 2999 1498 3112">
     <span class='ocr_line' id='line_1_23' title="bbox 254 2999 1498 3112; baseline 0.003 -25"><span class='ocrx_word' id='word_1_168' title='bbox 254 3020 392 3105; x_wconf 91' lang='lat' dir='ltr'>bellam,</span> <span class='ocrx_word' id='word_1_169' title='bbox 423 3022 480 3087; x_wconf 89' lang='lat' dir='ltr'>sed</span> <span class='ocrx_word' id='word_1_170' title='bbox 509 3022 743 3109; x_wconf 88' lang='lat' dir='ltr'>adaequalem</span> <span class='ocrx_word' id='word_1_171' title='bbox 765 3021 932 3086; x_wconf 85' lang='lat' dir='ltr'>modulum</span> <span class='ocrx_word' id='word_1_172' title='bbox 954 3021 1139 3108; x_wconf 89' lang='lat' dir='ltr'>collocatis,</span> <span class='ocrx_word' id='word_1_173' title='bbox 1167 3034 1203 3089; x_wconf 91' lang='lat' dir='ltr'>ut</span> <span class='ocrx_word' id='word_1_174' title='bbox 1230 3023 1427 3112; x_wconf 60' lang='lat' dir='ltr'>quaeadie·</span> <span class='ocrx_word' id='word_1_175' title='bbox 1497 2999 1498 3062; x_wconf 50' lang='lat' dir='ltr'>l</span> 
     </span>
    </p>

    <p class='ocr_par' dir='ltr' id='par_1_10' title="bbox 212 3121 1498 3232">
     <span class='ocr_line' id='line_1_24' title="bbox 212 3124 1498 3232; baseline 0.003 -30"><span class='ocrx_word' id='word_1_176' title='bbox 212 3179 213 3182; x_wconf 59' lang='lat'><em>=</em></span> <span class='ocrx_word' id='word_1_177' title='bbox 256 3139 320 3203; x_wconf 86' lang='lat' dir='ltr'>ctio</span> <span class='ocrx_word' id='word_1_178' title='bbox 348 3139 384 3203; x_wconf 92' lang='lat' dir='ltr'>in</span> <span class='ocrx_word' id='word_1_179' title='bbox 411 3137 584 3226; x_wconf 80' lang='lat' dir='ltr'>stylobatis</span> <span class='ocrx_word' id='word_1_180' title='bbox 612 3139 702 3204; x_wconf 87' lang='lat' dir='ltr'>faeta</span> <span class='ocrx_word' id='word_1_181' title='bbox 725 3140 841 3224; x_wconf 88' lang='lat' dir='ltr'>fuerit,</span> <span class='ocrx_word' id='word_1_182' title='bbox 875 3142 910 3205; x_wconf 92' lang='lat' dir='ltr'>in</span> <span class='ocrx_word' id='word_1_183' title='bbox 937 3143 1161 3230; x_wconf 86' lang='lat' dir='ltr'>superioribus</span> <span class='ocrx_word' id='word_1_184' title='bbox 1188 3124 1361 3232; x_wconf 27' lang='lat' dir='ltr'>membris,</span> <span class='ocrx_word' id='word_1_185' title='bbox 1380 3143 1428 3207; x_wconf 84' lang='lat' dir='ltr'>re·</span> <span class='ocrx_word' id='word_1_186' title='bbox 1497 3211 1498 3232; x_wconf 57' lang='lat'>,</span> 
     </span>
    </p>

    <p class='ocr_par' dir='ltr' id='par_1_11' title="bbox 257 3245 1498 3360">
     <span class='ocr_line' id='line_1_25' title="bbox 257 3245 1498 3360; baseline 0.003 -39"><span class='ocrx_word' id='word_1_187' title='bbox 257 3257 416 3345; x_wconf 88' lang='lat' dir='ltr'>spondeat</span> <span class='ocrx_word' id='word_1_188' title='bbox 438 3259 645 3345; x_wconf 87' lang='lat' dir='ltr'>symmetriae</span> <span class='ocrx_word' id='word_1_189' title='bbox 667 3259 909 3346; x_wconf 74' lang='lat' dir='ltr'>epistyliorum,</span> <span class='ocrx_word' id='word_1_190' title='bbox 934 3260 1015 3346; x_wconf 86' lang='grc'>(52.)</span> <span class='ocrx_word' id='word_1_191' title='bbox 1033 3262 1260 3349; x_wconf 87' lang='lat' dir='ltr'>epistyliorum</span> <span class='ocrx_word' id='word_1_192' title='bbox 1276 3245 1365 3329; x_wconf 90' lang='lat' dir='ltr'>ratio</span> <span class='ocrx_word' id='word_1_193' title='bbox 1381 3263 1427 3326; x_wconf 88' lang='lat' dir='ltr'>sic</span> <span class='ocrx_word' id='word_1_194' title='bbox 1497 3279 1498 3360; x_wconf 72' lang='grc'>(</span> 
     </span>
    </p>

    <p class='ocr_par' dir='ltr' id='par_1_12' title="bbox 190 3369 1498 4410">
     <span class='ocr_line' id='line_1_26' title="bbox 190 3369 1498 3468; baseline -0.002 -24"><span class='ocrx_word' id='word_1_195' title='bbox 190 3440 192 3444; x_wconf 87' lang='grc'>.</span> <span class='ocrx_word' id='word_1_196' title='bbox 259 3383 308 3440; x_wconf 89' lang='lat' dir='ltr'>est</span> <span class='ocrx_word' id='word_1_197' title='bbox 336 3375 505 3458; x_wconf 84' lang='lat' dir='ltr'>habenda,</span> <span class='ocrx_word' id='word_1_198' title='bbox 525 3377 590 3460; x_wconf 87' lang='lat' dir='ltr'>uti,</span> <span class='ocrx_word' id='word_1_199' title='bbox 614 3377 642 3440; x_wconf 91' lang='lat' dir='ltr'>si</span> <span class='ocrx_word' id='word_1_200' title='bbox 670 3377 840 3442; x_wconf 88' lang='lat' dir='ltr'>columnae</span> <span class='ocrx_word' id='word_1_201' title='bbox 860 3378 984 3443; x_wconf 89' lang='lat' dir='ltr'>fuerint</span> <span class='ocrx_word' id='word_1_202' title='bbox 1009 3401 1029 3442; x_wconf 89' lang='lat' dir='ltr'>a</span> <span class='ocrx_word' id='word_1_203' title='bbox 1057 3379 1192 3443; x_wconf 89' lang='lat' dir='ltr'>minima</span> <span class='ocrx_word' id='word_1_204' title='bbox 1213 3379 1284 3444; x_wconf 86' lang='lat' dir='ltr'>XII</span> <span class='ocrx_word' id='word_1_205' title='bbox 1307 3381 1427 3468; x_wconf 90' lang='lat' dir='ltr'>pedum</span> <span class='ocrx_word' id='word_1_206' title='bbox 1497 3369 1498 3460; x_wconf 74' lang='lat' dir='ltr'>l</span> 
     </span>
     <span class='ocr_line' id='line_1_27' title="bbox 213 3471 1427 3583; baseline 0.004 -27"><span class='ocrx_word' id='word_1_207' title='bbox 213 3515 239 3556; x_wconf 80' lang='lat' dir='ltr'>as</span> <span class='ocrx_word' id='word_1_208' title='bbox 257 3493 300 3556; x_wconf 87' lang='lat' dir='ltr'>ad</span> <span class='ocrx_word' id='word_1_209' title='bbox 320 3493 507 3580; x_wconf 87' lang='lat' dir='ltr'>quindecim</span> <span class='ocrx_word' id='word_1_210' title='bbox 528 3493 645 3580; x_wconf 89' lang='lat' dir='ltr'>pedes,</span> <span class='ocrx_word' id='word_1_211' title='bbox 676 3471 820 3583; x_wconf 85' lang='lat' dir='ltr'>epistylii</span> <span class='ocrx_word' id='word_1_212' title='bbox 846 3498 889 3560; x_wconf 91' lang='lat' dir='ltr'>sit</span> <span class='ocrx_word' id='word_1_213' title='bbox 916 3496 1055 3562; x_wconf 88' lang='lat' dir='ltr'>altitudo</span> <span class='ocrx_word' id='word_1_214' title='bbox 1086 3497 1242 3562; x_wconf 88' lang='lat' dir='ltr'>dimidiae</span> <span class='ocrx_word' id='word_1_215' title='bbox 1272 3493 1427 3566; x_wconf 83' lang='lat' dir='ltr'>c&#39;rassitu-</span> 
     </span>
     <span class='ocr_line' id='line_1_28' title="bbox 258 3611 1426 3700; baseline 0.003 -24"><span class='ocrx_word' id='word_1_216' title='bbox 258 3613 345 3676; x_wconf 90' lang='lat' dir='ltr'>dinis</span> <span class='ocrx_word' id='word_1_217' title='bbox 359 3613 444 3676; x_wconf 87' lang='lat' dir='ltr'>imae</span> <span class='ocrx_word' id='word_1_218' title='bbox 462 3611 649 3696; x_wconf 72' lang='lat' dir='ltr'>columnae,</span> <span class='ocrx_word' id='word_1_219' title='bbox 672 3615 750 3678; x_wconf 88' lang='lat' dir='ltr'>item</span> <span class='ocrx_word' id='word_1_220' title='bbox 768 3615 796 3677; x_wconf 91' lang='lat' dir='ltr'>si</span> <span class='ocrx_word' id='word_1_221' title='bbox 814 3635 834 3676; x_wconf 89' lang='lat' dir='ltr'>a</span> <span class='ocrx_word' id='word_1_222' title='bbox 850 3614 917 3684; x_wconf 78' lang='lat' dir='ltr'>XV</span> <span class='ocrx_word' id='word_1_223' title='bbox 931 3615 1072 3699; x_wconf 87' lang='lat' dir='ltr'>pedibus</span> <span class='ocrx_word' id='word_1_224' title='bbox 1091 3615 1238 3700; x_wconf 88' lang='lat' dir='ltr'>adXX,</span> <span class='ocrx_word' id='word_1_225' title='bbox 1255 3617 1426 3682; x_wconf 90' lang='lat' dir='ltr'>columnae</span> 
     </span>
     <span class='ocr_line' id='line_1_29' title="bbox 257 3727 1426 3818; baseline 0.005 -28"><span class='ocrx_word' id='word_1_226' title='bbox 257 3727 394 3792; x_wconf 88' lang='lat' dir='ltr'>altitudo</span> <span class='ocrx_word' id='word_1_227' title='bbox 418 3729 606 3797; x_wconf 93' lang='lat' dir='ltr'>dimetiatur</span> <span class='ocrx_word' id='word_1_228' title='bbox 625 3732 661 3794; x_wconf 94' lang='lat' dir='ltr'>in</span> <span class='ocrx_word' id='word_1_229' title='bbox 681 3739 790 3817; x_wconf 90' lang='lat' dir='ltr'>partes</span> <span class='ocrx_word' id='word_1_230' title='bbox 810 3731 981 3815; x_wconf 87' lang='lat' dir='ltr'>tredecim,</span> <span class='ocrx_word' id='word_1_231' title='bbox 1004 3739 1037 3796; x_wconf 89' lang='lat' dir='ltr'>et</span> <span class='ocrx_word' id='word_1_232' title='bbox 1054 3733 1153 3796; x_wconf 89' lang='lat' dir='ltr'>unius</span> <span class='ocrx_word' id='word_1_233' title='bbox 1167 3735 1270 3818; x_wconf 88' lang='lat' dir='ltr'>partis</span> <span class='ocrx_word' id='word_1_234' title='bbox 1287 3733 1426 3799; x_wconf 89' lang='lat' dir='ltr'>altitudo</span> 
     </span>
     <span class='ocr_line' id='line_1_30' title="bbox 258 3830 1424 3937; baseline 0.003 -28"><span class='ocrx_word' id='word_1_235' title='bbox 258 3846 403 3932; x_wconf 78' lang='lat' dir='ltr'>epistylii</span> <span class='ocrx_word' id='word_1_236' title='bbox 421 3830 501 3931; x_wconf 65' lang='lat' dir='ltr'>fiat,</span> <span class='ocrx_word' id='word_1_237' title='bbox 515 3849 594 3912; x_wconf 75' lang='lat' dir='ltr'>uem</span> <span class='ocrx_word' id='word_1_238' title='bbox 617 3851 645 3914; x_wconf 73' lang='lat' dir='ltr'>si</span> <span class='ocrx_word' id='word_1_239' title='bbox 665 3849 770 3913; x_wconf 71' lang='lat' dir='ltr'>axx</span> <span class='ocrx_word' id='word_1_240' title='bbox 784 3850 827 3915; x_wconf 76' lang='lat' dir='ltr'>aa</span> <span class='ocrx_word' id='word_1_241' title='bbox 842 3849 943 3914; x_wconf 80' lang='lat' dir='ltr'>xxv</span> <span class='ocrx_word' id='word_1_242' title='bbox 958 3850 1077 3937; x_wconf 69' lang='lat' dir='ltr'>peras,</span> <span class='ocrx_word' id='word_1_243' title='bbox 1100 3850 1424 3917; x_wconf 65' lang='lat' dir='ltr'>divinanarum</span> 
     </span>
     <span class='ocr_line' id='line_1_31' title="bbox 218 3964 1424 4064; baseline 0.002 -38"><span class='ocrx_word' id='word_1_244' title='bbox 218 4059 220 4064; x_wconf 67' lang='lat'>,</span> <span class='ocrx_word' id='word_1_245' title='bbox 257 3964 292 4027; x_wconf 92' lang='lat' dir='ltr'>in</span> <span class='ocrx_word' id='word_1_246' title='bbox 319 3973 428 4051; x_wconf 89' lang='lat' dir='ltr'>partes</span> <span class='ocrx_word' id='word_1_247' title='bbox 451 3965 523 4029; x_wconf 89' lang='lat' dir='ltr'>XII</span> <span class='ocrx_word' id='word_1_248' title='bbox 547 3975 579 4032; x_wconf 88' lang='lat' dir='ltr'>et</span> <span class='ocrx_word' id='word_1_249' title='bbox 602 3969 787 4052; x_wconf 86' lang='lat' dir='ltr'>semissem,</span> <span class='ocrx_word' id='word_1_250' title='bbox 817 3979 850 4033; x_wconf 88' lang='lat' dir='ltr'>et</span> <span class='ocrx_word' id='word_1_251' title='bbox 880 3971 949 4032; x_wconf 92' lang='lat' dir='ltr'>eius</span> <span class='ocrx_word' id='word_1_252' title='bbox 978 3989 1044 4032; x_wconf 89' lang='lat' dir='ltr'>una</span> <span class='ocrx_word' id='word_1_253' title='bbox 1070 3990 1147 4054; x_wconf 89' lang='lat' dir='ltr'>pars</span> <span class='ocrx_word' id='word_1_254' title='bbox 1174 3968 1365 4058; x_wconf 87' lang='lat' dir='ltr'>epistylium</span> <span class='ocrx_word' id='word_1_255' title='bbox 1391 3968 1424 4030; x_wconf 92' lang='lat' dir='ltr'>in</span> 
     </span>
     <span class='ocr_line' id='line_1_32' title="bbox 214 4059 1424 4173; baseline 0.002 -29"><span class='ocrx_word' id='word_1_256' title='bbox 214 4069 241 4144; x_wconf 85' lang='lat' dir='ltr'>so</span> <span class='ocrx_word' id='word_1_257' title='bbox 259 4082 433 4148; x_wconf 87' lang='lat' dir='ltr'>altitudine</span> <span class='ocrx_word' id='word_1_258' title='bbox 459 4084 532 4168; x_wconf 80' lang='lat' dir='ltr'>fiat3</span> <span class='ocrx_word' id='word_1_259' title='bbox 565 4085 644 4149; x_wconf 91' lang='lat' dir='ltr'>item</span> <span class='ocrx_word' id='word_1_260' title='bbox 671 4088 741 4151; x_wconf 88' lang='lat' dir='ltr'>sia</span> <span class='ocrx_word' id='word_1_261' title='bbox 762 4087 864 4152; x_wconf 87' lang='lat' dir='ltr'>XXV</span> <span class='ocrx_word' id='word_1_262' title='bbox 883 4086 1022 4173; x_wconf 91' lang='lat' dir='ltr'>pedibus</span> <span class='ocrx_word' id='word_1_263' title='bbox 1044 4087 1088 4150; x_wconf 90' lang='lat' dir='ltr'>ad</span> <span class='ocrx_word' id='word_1_264' title='bbox 1105 4085 1227 4168; x_wconf 87' lang='lat' dir='ltr'>XXX,</span> <span class='ocrx_word' id='word_1_265' title='bbox 1257 4059 1424 4152; x_wconf 71' lang='lat' dir='ltr'>diuidatur</span> 
     </span>
     <span class='ocr_line' id='line_1_33' title="bbox 258 4201 1423 4293; baseline 0.003 -30"><span class='ocrx_word' id='word_1_266' title='bbox 258 4202 294 4263; x_wconf 93' lang='lat' dir='ltr'>in</span> <span class='ocrx_word' id='word_1_267' title='bbox 314 4210 424 4288; x_wconf 88' lang='lat' dir='ltr'>partes</span> <span class='ocrx_word' id='word_1_268' title='bbox 445 4201 532 4287; x_wconf 90' lang='lat' dir='ltr'>XII,</span> <span class='ocrx_word' id='word_1_269' title='bbox 559 4205 684 4268; x_wconf 83' lang='lat' dir='ltr'>eteius</span> <span class='ocrx_word' id='word_1_270' title='bbox 707 4227 870 4293; x_wconf 89' lang='lat' dir='ltr'>unapars</span> <span class='ocrx_word' id='word_1_271' title='bbox 899 4204 1038 4269; x_wconf 87' lang='lat' dir='ltr'>altitudo</span> <span class='ocrx_word' id='word_1_272' title='bbox 1061 4204 1133 4289; x_wconf 80' lang='lat' dir='ltr'>fiat3</span> <span class='ocrx_word' id='word_1_273' title='bbox 1162 4205 1242 4269; x_wconf 90' lang='lat' dir='ltr'>item</span> <span class='ocrx_word' id='word_1_274' title='bbox 1268 4227 1330 4291; x_wconf 90' lang='lat' dir='ltr'>pro</span> <span class='ocrx_word' id='word_1_275' title='bbox 1354 4212 1423 4270; x_wconf 86' lang='lat' dir='ltr'>rata</span> 
     </span>
     <span class='ocr_line' id='line_1_34' title="bbox 258 4319 1423 4410; baseline 0.002 -28"><span class='ocrx_word' id='word_1_276' title='bbox 258 4328 352 4405; x_wconf 89' lang='lat' dir='ltr'>parte</span> <span class='ocrx_word' id='word_1_277' title='bbox 373 4319 417 4383; x_wconf 87' lang='lat' dir='ltr'>ad</span> <span class='ocrx_word' id='word_1_278' title='bbox 436 4319 578 4384; x_wconf 88' lang='lat' dir='ltr'>eundem</span> <span class='ocrx_word' id='word_1_279' title='bbox 598 4321 729 4386; x_wconf 90' lang='lat' dir='ltr'>modum</span> <span class='ocrx_word' id='word_1_280' title='bbox 748 4345 791 4387; x_wconf 83' lang='lat' dir='ltr'>ex</span> <span class='ocrx_word' id='word_1_281' title='bbox 811 4321 984 4387; x_wconf 87' lang='lat' dir='ltr'>altitudine</span> <span class='ocrx_word' id='word_1_282' title='bbox 1007 4321 1230 4389; x_wconf 88' lang='lat' dir='ltr'>columnarum</span> <span class='ocrx_word' id='word_1_283' title='bbox 1251 4324 1423 4410; x_wconf 83' lang='lat' dir='ltr'>expedien-</span> 
     </span>
    </p>
   </div>
   <div class='ocr_carea' id='block_1_8' title="bbox 0 0 1508 5162">
    <p class='ocr_par' dir='ltr' id='par_1_13' title="bbox 0 0 1508 5162">
     <span class='ocr_line' id='line_1_35' title="bbox 0 0 1508 5162; baseline 0 0"><span class='ocrx_word' id='word_1_284' title='bbox 0 0 1508 5162; x_wconf 95' lang='lat' dir='ltr'> </span> 
     </span>
    </p>
   </div>
  </div>
 </body>
</html>
