3028 5164
261 427 323 489 202
762 439 918 486 virnuvn

259 594 399 680 positae,
431 616 473 657 ne
507 593 687 680 impediant
714 599 865 679 aspectus
893 591 1010 678 pronai
1038 589 1129 654 aedis
1154 590 1316 674 Augusti,
1346 613 1440 677 quae

259 713 358 776 estin
373 711 480 776 medio
496 711 598 776 latere
616 711 750 797 parietis
768 711 926 776 basilicae
942 709 1100 775 collocata
1118 720 1269 798 spectans
1285 710 1441 774 medium

258 829 365 894 forum
389 838 420 895 et
440 831 554 894 aedem
576 830 677 896 Iovis.

345 950 374 1011 8.
399 947 480 1034 (14.)
509 947 591 1011 Item
623 945 784 1031 tribunal,
814 948 902 1034 quod
927 956 976 1012 est
1005 948 1039 1011 in
1065 970 1103 1012 ea
1130 947 1226 1031 aede,
1256 949 1444 1035 hemicycli

227 1087 239 1127 s
262 1065 434 1130 schematis
456 1066 590 1130 minoris
614 1075 791 1131 curvatura
814 1074 863 1130 est
886 1065 1077 1150 formatnm3
1106 1069 1176 1130 eius
1199 1076 1308 1131 autern
1329 1065 1441 1130 hemi-

260 1185 345 1270 cycli
364 1159 398 1246 iir
417 1183 524 1248 fronte
545 1193 596 1248 est
613 1183 822 1248 intervallum
841 1184 962 1271 pedum
981 1184 1110 1269 XLVI,
1134 1187 1295 1250 introrsus
1314 1207 1441 1250 curva-

258 1312 333 1366 tura
354 1303 475 1388 pedum
495 1302 570 1386 XV,
594 1304 642 1365 uti
664 1304 721 1388 qui
743 1303 832 1388 apud
853 1304 1063 1388 magistratus
1081 1311 1204 1367 starent
1224 1305 1441 1388 negotiantes

260 1421 295 1484 in
317 1419 456 1484 basilica
478 1441 519 1484 ne
542 1420 749 1506 impedirent.

347 1540 427 1625 (15.)
458 1537 565 1626 Supra
592 1537 760 1602 columnas
782 1563 824 1604 ex
849 1539 955 1604 tribus
980 1539 1081 1624 tignis
1111 1539 1319 1625 bipedalibus
1345 1561 1439 1602 eom-

218 1679 242 1721 10
259 1659 364 1746 pactis
379 1658 489 1722 trabes
507 1665 582 1720 sunt
598 1659 685 1721 cirea
701 1656 895 1740 collocatae,
918 1656 1043 1743 haeque
1065 1656 1107 1720 ab
1130 1657 1238 1734 tertiis
1258 1656 1440 1740 columnia,

260 1798 343 1863 quae
372 1784 447 1840 sunt
479 1777 513 1839 in
542 1777 697 1841 interiore
725 1783 832 1862 parte,
865 1784 1074 1840 revertuntur
1102 1775 1144 1838 ad
1171 1783 1281 1860 antas,
1303 1797 1392 1860 quae
1417 1799 1442 1838 a

259 1913 382 1978 pronao
417 1902 629 1979 procurrunt,
665 1894 846 1979 dextraque
874 1901 906 1956 et
939 1893 1073 1956 sinistra
1102 1892 1333 1978 hemicyclium
1359 1901 1442 1956 tan-

259 2016 351 2094 gunt.
396 2012 425 2072 9.
451 2009 556 2092 Supra
578 2010 687 2073 trabes
712 2019 825 2074 contra
847 2010 990 2096 capitula
1008 2033 1050 2074 ex
1067 2010 1235 2074 fulmentis
1252 2011 1441 2096 dispositae

259 2127 346 2214 pilae
370 2134 446 2191 sunt
468 2126 645 2192 collocatae
666 2128 751 2192 altae
774 2127 874 2215 pedes
894 2127 964 2211 ΙΙΙ,
988 2129 1074 2193 latae
1091 2151 1337 2216 quoqueversus
1353 2151 1439 2215 qua-

218 2268 242 2309 15
260 2254 380 2310 ternos.
427 2245 533 2332 Supra
556 2267 611 2308 eas
633 2268 675 2310 ex
697 2246 823 2312 duobus
846 2247 948 2330 tignis
970 2246 1177 2333 bipedalibus
1207 2245 1317 2310 trabes
1340 2265 1439 2311 euer-

260 2385 385 2450 ganeae
414 2365 501 2427 cirea
535 2372 610 2426 sunt
643 2362 836 2448 collocatae3
870 2365 989 2450 quibus
1021 2366 1156 2451 insuper
1184 2373 1328 2428 transtra
1356 2385 1437 2428 eum

261 2483 418 2570 capreolis
439 2481 661 2546 columnarum
681 2492 794 2546 contra
816 2505 953 2570 corpora
975 2491 1007 2546 et
1025 2492 1119 2546 antas
1143 2490 1175 2546 et
1194 2484 1334 2568 parietes
1356 2505 1437 2568 pro-

260 2604 315 2666 nai
337 2602 496 2666 collocata
519 2603 682 2666 sustinent
704 2626 804 2667 unum
825 2603 954 2666 culmen
980 2609 1158 2686 perpetuae
1181 2600 1354 2684 basilicae,
1385 2601 1437 2664 al-

259 2729 366 2784 terum
389 2741 408 2782 a
428 2721 536 2784 medio
565 2743 663 2806 supra
685 2715 847 2808 pronaum'
866 2719 966 2783 aedis.

216 2865 243 2906 20
331 2841 397 2901 .10.
428 2837 510 2923 (16.)
544 2839 595 2900 Ita
625 2839 832 2923 fastigiorum
867 2837 990 2922 duplex
1020 2837 1224 2900 testudinata
1258 2835 1437 2921 dispositio

259 2957 463 3020 extrinsecus
482 2957 560 3019 tecti
580 2964 612 3020 et
634 2957 797 3021 interioris
819 2954 905 3018 altae
926 2954 1101 3018 testudinis
1123 2961 1268 3039 praestat
1288 2955 1434 3039 speciem

258 3079 441 3137 venustam.
486 3073 570 3136 Item
596 3073 726 3137 sublata
753 3073 980 3160 epistyliorum
1008 3080 1215 3154 ornamenta,
1244 3080 1277 3135 et
1305 3070 1436 3158 pluteo-

259 3213 332 3256 rum
355 3189 644 3276 columnarumque
667 3193 870 3278 superiorum
894 3191 1078 3284 distributio
1103 3211 1271 3277 operosam
1289 3189 1437 3255 detrahit

259 3309 458 3392 molestiam,
492 3318 704 3396 sumptusque
734 3311 897 3374 imminuit
924 3332 966 3374 ex
993 3330 1113 3394 magna
1139 3316 1233 3392 parte
1260 3329 1434 3373 summam.

217 3449 242 3490 as
260 3429 357 3514 Ipsae
378 3449 457 3493 vero
476 3427 644 3492 columnae
670 3428 706 3490 in
735 3428 906 3493 altitudine
934 3436 1091 3515 perpetua
1115 3426 1176 3490 sub
1198 3425 1309 3489 trabes
1329 3434 1435 3490 testu-

261 3547 554 3632 dinis-'perductae
589 3555 620 3610 et
647 3547 926 3631 magnificentiam
952 3547 1119 3631 impensae
1146 3545 1433 3609 etauctoritatem

260 3667 350 3753 operi
373 3666 536 3750 adaugere
558 3664 722 3730 videntur.

698 3861 890 3927 CAPUT
924 3863 988 3927 ΙΙΙ.

345 4018 403 4102 [ΙΙ]
429 4024 455 4081 1.
481 4017 562 4103 (17.)
590 4017 779 4099 Aerarium,
813 4037 941 4098 career,
975 4015 1067 4079 curia
1090 4015 1162 4078 foro
1192 4022 1268 4077 sunt
1296 4013 1433 4078 coniun-

217 4161 244 4205 ao
259 4138 386 4222 gendo,
410 4134 534 4198 sedita
555 4137 604 4198 uti
626 4136 817 4218 magnitudo
835 4135 1049 4220 'symmetriae
1072 4154 1183 4196 eorum
1205 4132 1276 4195 foro
1295 4153 1431 4217 respon-

260 4253 346 4317 deat.
390 4253 535 4316 Maxime
555 4253 688 4338 quidem
710 4255 802 4317 curia
822 4253 982 4338 imprimis
1007 4259 1058 4314 est
1079 4249 1232 4312 facienda
1255 4249 1298 4313 ad
1321 4249 1431 4334 digni-

259 4377 360 4434 tatem
377 4369 547 4455 municipii
569 4371 639 4435 sive
667 4372 830 4452 eivitatis3
864 4378 895 4434 et
923 4371 951 4434 si
980 4367 1141 4455 quadrata
1166 4369 1244 4448 erit,
1271 4374 1432 4451 quantum
