3028 5164
269 509 330 571 240
770 518 928 568 vmnuvrr

267 677 303 738 in
324 675 469 739 versuris
496 696 538 738 ex
563 695 630 737 una
656 682 747 759 parte
773 675 953 739 laconicum
978 672 1021 735 ad
1044 672 1182 741 eundem
1210 672 1361 755 modum,
1392 676 1444 737 uti

269 793 545 878 suprascriptum
567 799 631 873 est,
653 793 883 876 compositum,
910 811 952 853 ex
982 791 1121 854 adverso
1148 791 1288 856 laconici
1310 789 1442 854 caldam

267 883 475 974 lavationem.
534 910 574 972 In
606 908 770 995 palaestra
805 909 991 995 peristylia,
1029 909 1302 995 quemadmodum
1341 931 1443 995 supra

270 1029 427 1114 scriptum
450 1036 516 1110 est,
540 1028 586 1090 ita
609 1026 731 1090 debent
744 1048 821 1117 ¹esse
843 1026 989 1113 perfecta
1011 1036 1043 1091 et
1062 1028 1247 1092 distributa.

238 1167 251 1206 s
355 1150 385 1211 3.
410 1147 491 1232 (81.)
519 1145 625 1209 Extra
653 1154 762 1209 autem
791 1144 1004 1231 disponantur
1025 1147 1170 1232 porticus
1196 1155 1279 1228 tres,
1308 1167 1374 1208 una
1397 1167 1443 1208 cx

268 1262 438 1351 peristylio
467 1263 680 1345 exeuntibus,
714 1263 798 1325 duae
830 1261 946 1325 dextra
975 1271 1074 1349 atque
1103 1265 1237 1326 sinistra
1265 1263 1442 1344 stadiatae,

270 1380 447 1468 exquibus
469 1402 549 1464 una,
572 1402 655 1467 quae
677 1380 874 1465 spectaverit
895 1378 937 1441 ad
960 1381 1230 1466 septentrionem,
1247 1379 1442 1465 perficiatur

272 1501 395 1587 duplex
415 1497 617 1583 amplissima
638 1496 826 1579 latitudine,
846 1497 969 1562 alterae
992 1499 1157 1586 simplices
1178 1502 1225 1562 ita
1243 1499 1366 1580 factae,
1389 1501 1444 1560 uti

271 1619 306 1681 in
328 1615 493 1704 partibus,
518 1637 600 1700 quae
625 1615 748 1678 fuerint
773 1617 859 1678 circa
881 1618 1023 1703 parietes
1045 1626 1077 1680 et
1096 1607 1180 1702 quae
1203 1624 1298 1680 erunt
1320 1615 1362 1678 ad
1385 1637 1445 1678 co-

230 1757 255 1797 m
270 1736 416 1816 lumnas,
455 1733 617 1818 margines
649 1731 794 1796 habeant
824 1735 872 1797 uti
906 1735 1036 1798 semitas
1075 1756 1140 1798 non
1175 1735 1283 1797 minus
1316 1732 1445 1819 pedum

271 1855 408 1935 denum,
429 1850 637 1936 mediumque
655 1859 865 1930 excavatum,
889 1853 936 1915 uti
958 1852 1080 1937 gradus
1098 1853 1162 1916 sint
1183 1854 1218 1915 in
1237 1851 1397 1914 descensu
1421 1874 1446 1913 a

270 1968 473 2054 marginibus
496 1967 725 2053 sesquipedem
747 1967 790 2030 ad
809 1968 997 2055 planitiem,
1027 1991 1112 2056 quae
1134 1969 1286 2056 planities
1307 1970 1350 2033 sit
1372 1957 1465 2033 non'

270 2090 376 2152 minus
398 2087 496 2175 pedes
519 2084 606 2167 XH3
629 2086 676 2147 ita
697 2086 754 2170 qui
769 2085 883 2149 vestiti
901 2086 1142 2152 ambulaverint
1159 2088 1282 2151 circum
1301 2090 1337 2150 in
1355 2109 1446 2151 mar-

271 2207 420 2292 ginibus,
443 2228 509 2270 non
530 2203 748 2291 impedientur
769 2201 811 2266 ab
833 2204 941 2267 unctis
953 2226 998 2270 ,se
1014 2181 1254 2270 exercentibus.
1300 2210 1330 2268 4.
1354 2207 1443 2291 (82.)

230 2347 255 2389 rs
271 2324 364 2389 Haec
393 2333 501 2387 autem
529 2323 673 2410 porticus
707 2313 826 2398 ξυστὰς
855 2321 943 2406 apud
973 2322 1117 2387 Graecos
1145 2326 1322 2407 vocitatur,
1351 2325 1445 2409 quod

271 2444 413 2508 athletae
440 2465 499 2528 per
528 2440 667 2505 hiberna
698 2449 845 2526 tempora
883 2440 917 2503 in
953 2442 1049 2504 tectis
1081 2441 1197 2504 stadiis
1233 2450 1442 2506 exercentur.

271 2563 425 2628 Proxime
447 2570 556 2625 autem
576 2569 710 2644 xystum
734 2567 765 2622 et
785 2558 947 2644 duplicem
970 2559 1129 2643 porticum
1150 2558 1362 2644 designentur
1380 2560 1445 2645 hy-

271 2680 427 2769 paethrae
464 2676 719 2759 ambulationes,
754 2698 834 2762 quas
873 2676 993 2741 Graeci
1028 2677 1295 2760 παραδρομίδας,
1335 2681 1445 2743 nostri

272 2809 372 2886 xysta
393 2795 574 2884 appellant,
604 2796 638 2857 in
665 2817 745 2881 quas
772 2817 831 2881 per
859 2794 998 2859 hiemem
1021 2817 1064 2858 ex
1086 2803 1183 2886 xysto
1202 2779 1320 2860 ‘sereno
1348 2796 1444 2862 caelo

229 2940 255 2980 ao
273 2917 415 2980 athletae
442 2913 641 2998 prodeuntes
673 2923 877 2978 exercentur.
928 2913 1095 2978 Facienda
1122 2922 1230 2977 autem
1261 2922 1361 2999 xysta
1392 2916 1444 2979 sic

271 3034 439 3115 videntur,
460 3041 498 3095 ut
518 3033 585 3094 sint
607 3033 692 3095 inter
712 3031 792 3095 duas
814 3032 958 3117 porticus
981 3030 1084 3095 silvae
1099 3040 1156 3096 aut
1175 3032 1383 3117 platanones,
1407 3045 1444 3097 ct

272 3155 306 3216 in
326 3152 378 3215 his
398 3150 609 3237 perficiantur
628 3150 714 3212 inter
735 3149 868 3214 arbores
889 3149 1126 3214 ambulationes
1149 3148 1260 3236 ibique
1284 3172 1326 3213 ex
1340 3174 1442 3238 opere

273 3271 402 3355 signino
425 3269 593 3332 stationes.
642 3269 723 3355 (83.)
748 3267 827 3333 Post
847 3277 981 3354 xystum
1004 3278 1112 3333 autem
1136 3269 1276 3331 stadium
1291 3269 1337 3330 ita
1356 3267 1442 3352 ligu-

272 3399 393 3471 ratum,
430 3395 467 3452 ut
497 3387 624 3473 possint
651 3385 817 3452 hominum
845 3387 958 3473 copiae
987 3407 1060 3450 cum
1088 3386 1273 3450 laxamento
1298 3386 1449 3452 athletas·

227 3531 254 3571 rs
272 3514 434 3571 certantes
457 3512 616 3589 spectare.

696 3619 889 3684 CAPUT
919 3618 1020 3683 XIII.

319 3781 335 3810 2-
359 3744 387 3803 l.
411 3738 504 3818 Quae
525 3737 559 3801 in
582 3737 751 3802 moenibus
772 3738 956 3802 necessaria
978 3735 1176 3802 videbantur
1196 3755 1284 3817 esse,
1307 3742 1342 3797 ut
1364 3743 1442 3819 apte

273 3856 503 3943 disponantur,
525 3855 721 3941 perscripsi3
747 3852 994 3942 [X11.1.](84.)
1014 3854 1054 3917 de
1075 3854 1316 3939 opportunitate
1330 3861 1440 3915 autem

271 3984 424 4063 portuum
456 3994 521 4036 non
557 3980 606 4035 est
641 3972 980 4056 praetermittendum,
1014 3972 1073 4036 sed
1106 3971 1225 4057 quibus
1258 3971 1440 4034 rationibus

228 4120 253 4160 so
271 4099 426 4156 tueantur
454 4111 554 4152 naves
585 4090 620 4151 in
651 4087 702 4152 his
736 4089 777 4153 ab
812 4089 1075 4176 tempestatibus,
1109 4088 1349 4175 explicandum.
1396 4087 1441 4150 Hi

273 4220 381 4274 autem
408 4206 601 4272 naturaliter
629 4207 657 4269 si
686 4209 752 4270 sint
779 4209 864 4272 hene
894 4209 1006 4297 positi,
1039 4201 1246 4292 habeantque
1280 4206 1441 4268 acroteria

274 4330 344 4392 sive
366 4325 588 4412 promontoria
609 4327 848 4409 procurrentia,
872 4348 915 4390 ex
934 4324 1052 4411 quibus
1068 4324 1228 4386 introrsus
1244 4334 1440 4386 curvaturae

273 4447 343 4508 sive
369 4462 522 4507 versurae
551 4463 593 4504 ex
626 4442 688 4506 loci
712 4450 830 4505 natura
858 4442 982 4505 fuerint
1009 4441 1246 4522 conformatae,
1279 4442 1439 4504 maximas
