3008 5162
244 385 304 446 136
718 397 719 400 ’
749 391 906 438 VITRUVH

243 551 420 637 quisseque
438 548 563 629 fontes,
594 544 681 610 unde
709 545 831 630 posteri
857 553 993 632 possent
1013 543 1145 610 haurire
1165 543 1429 630 disciplinarum

243 667 398 734 rationes.
496 737 499 744 ι

330 837 380 899 10.
405 833 487 920 (31.)
514 830 665 896 Aedibus
694 829 888 916 araeostylis
916 827 1085 914 columnae
1115 833 1163 896 sic
1192 841 1269 896 sunt
1290 833 1429 896 facien-

246 952 321 1033 dae,
345 951 393 1014 nti
412 949 645 1014 crassitudines
669 969 779 1012 earum
801 948 868 1010 sint
885 947 987 1033 partis
1004 957 1138 1014 octavae
1152 950 1195 1014 ad
1211 925 1430 1015 altitudines.

239 1045 329 1131 ¹Item
348 1069 383 1131 in
401 1066 542 1152 diastylo
571 1066 773 1130 dimetienda
801 1074 850 1130 θεῖ
878 1059 1017 1128 altitudo
1045 1066 1216 1132 columnae
1243 1070 1278 1131 in
1305 1076 1429 1154 partes

217 1195 318 1251 nocto
341 1194 374 1250 et
396 1183 580 1267 dimidiam,
608 1192 640 1248 et
666 1186 764 1248 unius
790 1184 894 1270 partis
917 1158 1086 1246 columnae
1112 1185 1297 1250 crassitudo
1323 1185 1431 1249 collo-

246 1314 346 1370 cetur.
391 1303 431 1366 In
458 1301 584 1389 systylo
614 1301 752 1365 altitudo
782 1300 953 1400 dividatur
977 1300 1013 1362 in
1039 1320 1159 1363 novem
1187 1309 1220 1365 et
1247 1302 1430 1390 dimidiam

246 1431 384 1512 partem,
421 1429 453 1486 et
487 1443 529 1486 ex
564 1421 612 1484 eis
645 1440 711 1482 una
744 1417 786 1482 ad
821 1417 1075 1481 crassitudinem
1109 1417 1278 1483 columnae
1313 1421 1429 1484 detur.

247 1540 331 1605 Item
349 1541 385 1603 in
406 1539 601 1626 pycnostylo
619 1536 797 1601 dividenda
817 1545 865 1600 est
884 1534 1022 1599 altitudo
1045 1536 1080 1598 in
1101 1543 1212 1620 partes
1235 1536 1373 1620 decem,
1397 1547 1431 1601 et

248 1661 317 1724 eius
350 1680 417 1722 una
451 1679 527 1744 pars
560 1655 712 1720 facienda
745 1663 795 1718 est
829 1653 999 1718 columnae
1033 1653 1228 1717 crassitudo.
1284 1653 1431 1740 Eustyli

205 1801 230 1842 10
247 1785 355 1840 autem
375 1775 465 1839 aedis
489 1773 675 1857 columnae,
704 1775 752 1837 uti
780 1770 914 1859 systyli,
943 1772 979 1834 in
1005 1791 1124 1834 novem
1144 1779 1258 1856 partes
1279 1770 1431 1835 altitudo

247 1873 413 1976 dividatur
436 1899 468 1953 et
491 1889 659 1974 dimidiam
681 1899 825 1976 partem,
856 1899 889 1954 et
916 1891 985 1954 eius
1008 1910 1074 1952 una
1102 1910 1179 1976 pars
1202 1889 1430 1954 constituatur

245 2010 281 2075 in
301 2008 519 2073 crassitudine
541 2008 600 2071 imi
618 2009 719 2095 scapi.
764 2007 817 2070 lta
840 2008 1017 2074 habebitur
1037 2028 1096 2094 pro
1119 2015 1192 2070 rata
1209 2015 1305 2091 parte
1323 2007 1430 2070 inter·

247 2125 484 2191 columniorum
502 2126 601 2208 ratio3
627 2131 658 2189 11
682 2126 763 2211 (32.)
786 2125 1060 2213 quemadmodum
1074 2125 1160 2186 enim
1178 2133 1333 2190 crescunt
1353 2146 1429 2210 spa-

247 2244 294 2307 tia
316 2243 403 2306 inter
426 2241 610 2326 columnas,
636 2245 900 2330 proportionibus
928 2242 1145 2327 adaugendae
1167 2250 1245 2307 sunt
1266 2244 1428 2308 crassitu-

208 2394 231 2436 15
249 2361 341 2426 dines
363 2382 544 2448 scaporum.
589 2361 738 2448 Namque
768 2364 796 2426 si
825 2363 860 2425 in
879 2359 1064 2448 araeostylo
1093 2381 1180 2424 nona
1211 2367 1269 2423 aut
1293 2359 1427 2424 decima

247 2502 324 2566 pars
347 2478 530 2544 crassitudo
553 2478 670 2563 fuerit,
696 2475 804 2544 tenuis
833 2488 865 2544 ct
895 2475 991 2544 exilis
1014 2475 1205 2565 apparebit3
1234 2477 1310 2542 ideo
1334 2476 1426 2564 quod

248 2619 307 2685 per
333 2596 542 2660 latitudinem
568 2597 890 2663 intercolumniorum
918 2605 976 2660 adr
1003 2597 1168 2662 consumit
1197 2605 1229 2660 θῖ
1257 2596 1428 2660 imminuit

248 2716 396 2799 aspectui
419 2733 590 2800 scaporum
613 2716 875 2780 crassitudinem.
921 2714 1044 2780 Contra
1063 2736 1142 2781 vero
1163 2714 1372 2801 pycnostylis
1398 2715 1426 2777 si

249 2840 365 2894 octava
386 2852 462 2915 pars
483 2833 666 2897 crassitudo
687 2832 787 2896 fuerit
793 2882 802 2916 ,
824 2843 958 2920 propter
976 2833 1186 2897 crebritatem
1203 2841 1236 2896 et
1250 2835 1425 2919 angustias

204 2982 230 3020 20
248 2946 571 3018 intercolumniorum
601 2950 762 3020 tumidam
795 2959 828 3014 et
865 2952 1073 3017 invenustam
1111 2951 1232 3014 efficiet
1265 2954 1424 3038 speciem.

249 3064 365 3169 Itaque
401 3069 531 3150 generis
562 3069 670 3154 operis
700 3076 826 3155 oportet
853 3071 1006 3156 persequi
1034 3071 1250 3156 symmetrias.
1295 3069 1426 3134 Etiam·

249 3204 313 3268 que
335 3183 509 3268 angulares
532 3184 701 3251 columnae
724 3188 902 3252 crassiores
921 3188 1094 3253 faciendae
1115 3195 1191 3252 sunt
1213 3209 1256 3251 ex
1276 3209 1335 3252 sua
1353 3189 1426 3253 dia-

248 3307 352 3363 metro
371 3302 644 3389 quinquagesima
664 3314 775 3392 parte,
799 3305 888 3391 quod
906 3327 964 3369 eae
982 3305 1023 3370 ab
1041 3313 1116 3370 ae're
1131 3306 1425 3389 circumciduntur,

249 3426 281 3481 et
301 3419 490 3503 graciliores
513 3420 666 3485 videntur
689 3444 759 3486 esse
782 3419 1027 3508 aspicientibus.
1072 3423 1162 3507 Ergo
1193 3423 1281 3509 quod
1306 3423 1423 3489 oculus

205 3567 230 3606 25
248 3534 348 3619 fallit,
372 3538 620 3617 ratiocinatione
644 3549 693 3605 est
715 3541 976 3627 exaequandum.

336 3721 388 3784 12ss
411 3722 492 3809 (33.)
516 3722 754 3790 Contracturae
772 3735 881 3790 autem
901 3728 937 3790 in
960 3728 1094 3791 summis
1117 3726 1340 3792 columnarum
1363 3729 1425 3816 hy-

247 3838 456 3926 potracheliis
478 3843 525 3905 ita
547 3841 718 3908 faciendae
738 3845 908 3926 videntur,
938 3852 974 3908 ut
1005 3845 1033 3907 si
1061 3842 1212 3908 columna
1234 3847 1278 3909 sit
1299 3845 1341 3909 ab
1364 3850 1423 3911 mi·

249 3959 336 4022 nimo
369 3958 413 4020 ad
437 3959 542 4046 ¹pedes
576 3961 693 4045 quinos
726 3962 844 4045 denos,
880 3964 946 4027 ima
973 3960 1157 4027 crassitudo
1189 3962 1358 4028 dividatur
1390 3966 1425 4028 in

248 4083 358 4161 partes
382 4097 458 4158 sex,
490 4086 521 4140 et
550 4100 661 4142 earum
688 4081 830 4166 partium
858 4082 1002 4169 quinque
1027 4103 1153 4146 summa
1183 4083 1423 4168 constituatur3

204 4226 230 4265 30
249 4193 328 4256 item
348 4198 513 4280 quaeerit
533 4196 575 4261 ab
599 4197 785 4296 quindecim
803 4199 943 4285 pedibus
964 4199 1007 4262 ad
1029 4198 1128 4285 pedes
1145 4199 1280 4284 viginti,
1302 4219 1422 4286 scapus

208 4379 210 4384 ¹
251 4307 333 4374 imus
356 4311 391 4373 in
411 4321 521 4398 partes
545 4337 605 4378 sex
628 4326 660 4378 ct
682 4318 849 4382 semissem
873 4317 1056 4399 dividatur,
1081 4337 1257 4402 earumque
1278 4319 1423 4412 partium
