3006 5170
271 402 311 464 50
774 408 933 457 VITRUVII

270 564 466 652 aequaliter,
498 572 683 651 quaesunt
712 563 755 628 ad
783 564 956 642 orientem,
990 561 1025 624 in
1058 559 1178 646 quibus
1202 559 1333 626 litterae
1371 577 1398 622 L
1428 578 1473 640 ur,

271 693 303 747 et
325 683 367 747 ab
390 682 573 764 occidente,
607 663 642 745 i1i
672 681 791 768 quibus
820 687 896 744 sunt
918 677 1048 743 litterae
1070 696 1094 742 Ν
1114 687 1146 742 et
1170 695 1208 759 ος
1240 679 1281 743 ab
1303 695 1331 742 Μ
1362 679 1415 742 ad
1446 695 1471 740 ο

271 809 303 865 et
328 801 370 864 ab
399 817 420 863 n
447 799 489 862 ad
516 817 540 862 n
567 799 796 887 perducendae
831 806 906 861 sunt
937 795 1045 860 lineae
1078 797 1296 878 decussatim3
1330 805 1373 860 et
1411 799 1470 858 ita

271 929 366 985 erunt
388 919 569 1006 aequaliter
590 927 762 985 ventorum
785 925 857 981 octo
885 917 991 1003 spatia
1009 916 1045 978 in
1067 916 1302 980 circumitione.
1354 913 1468 994 Quae

242 1062 344 1106 scum
363 1040 410 1103 ita
430 1039 594 1126 descripta
616 1044 726 1118 erunt,
761 1037 796 1098 in
819 1033 958 1120 singulis
977 1033 1108 1120 angulis
1132 1035 1301 1118 octogoni,
1327 1055 1414 1096 cum
1446 1055 1465 1093 a

270 1157 407 1222 meridie
428 1157 640 1245 incipiemus,
674 1157 759 1218 inter
788 1153 914 1216 Eurum
936 1161 968 1216 et
993 1155 1152 1216 Austrum
1174 1153 1209 1215 in
1228 1152 1366 1236 Angulo
1394 1153 1466 1215 erit

243 1249 250 1262 i
269 1275 379 1340 littera
401 1293 438 1359 G,
465 1277 551 1340 inter
573 1275 732 1339 Austrum
755 1281 788 1337 et
808 1269 961 1336 Africum
976 1289 1015 1353 Η,
1043 1271 1129 1335 inter
1151 1269 1302 1334 Africum
1327 1280 1365 1334 et
1391 1270 1463 1334 Fa-

270 1397 405 1460 vonium
427 1413 467 1478 Ν,
504 1396 590 1458 inter
610 1392 796 1458 Favonium
827 1399 858 1455 et
888 1389 1032 1455 (laurum
1057 1405 1096 1471 0,
1130 1390 1216 1453 inter
1239 1392 1392 1453 Gaurum
1426 1399 1463 1452 et

272 1514 534 1601 Septentrionem
555 1529 596 1595 K,
631 1514 718 1580 inter
739 1509 1001 1595 Septentrionem
1023 1515 1055 1571 et
1077 1507 1277 1593 Aquilonem
1298 1525 1327 1590 1,
1364 1508 1462 1570 inter

230 1657 254 1698 ro
271 1631 467 1718 Aquilonem
499 1639 530 1695 et
556 1629 711 1695 Solanum
739 1644 776 1710 L,
809 1629 894 1691 inter
921 1626 1077 1691 Solanum
1097 1633 1128 1689 et
1155 1626 1282 1689 Eurum
1303 1643 1342 1689 M.
1365 1627 1458 1713 (62.)

271 1755 322 1812 Ita
342 1748 394 1812 his
418 1749 577 1813 consectis
606 1749 692 1811 inter
721 1746 859 1831 angulos
889 1747 1040 1830 octogoni
1064 1767 1205 1830 gnomon
1227 1753 1391 1831 ponatur,
1424 1753 1458 1808 et

272 1867 319 1928 ita
342 1865 528 1949 dirigantur
550 1867 799 1952 angiportorum
822 1864 1011 1928 divisiones.

708 2217 900 2283 CAPUT
936 2217 1013 2284 Vll.

362 2462 390 2520 1.
414 2457 495 2544 (63.)
519 2457 647 2523 Divisis
668 2459 850 2543 angiportis
879 2465 910 2520 et
940 2454 1057 2542 plateis
1080 2457 1268 2520 constitutis
1295 2479 1448 2521 arearum

235 2602 258 2641 u
275 2577 391 2641 electio
402 2575 443 2638 ad
455 2577 731 2662 opportunitatem
746 2583 777 2638 et
792 2598 888 2638 usum
901 2597 1104 2639 communem
1120 2575 1263 2641 civitatis
1281 2584 1331 2640 cst
1345 2577 1448 2664 expli·

275 2693 381 2757 canda
404 2692 541 2756 aedibus
563 2694 682 2775 sacris,
705 2692 793 2774 foro,
812 2690 1013 2779 reliquisque
1033 2691 1114 2757 locis
1141 2695 1381 2760 communibus.
1406 2698 1447 2759 Et

276 2813 305 2873 si
324 2817 420 2873 erunt
437 2811 565 2874 moenia
585 2811 766 2875 secundum
783 2832 887 2893 mare,
910 2832 1002 2894 area,
1023 2811 1081 2878 ubi
1095 2812 1200 2878 forum
1218 2816 1447 2898 constituatur,

276 2927 430 3012 eligenda
451 2929 599 3013 proxime
621 2937 767 3015 portum3
791 2930 842 2992 sin
860 2937 969 2992 autem
987 2929 1243 3014 mediterranea,
1266 2932 1302 2995 in
1325 2935 1446 3020 oppido

275 3045 394 3110 medio.
437 3045 587 3111 Aedibus
621 3070 699 3113 vero
739 3049 855 3130 sacris,
900 3069 1037 3135 quorum
1071 3049 1205 3114 deorum
1236 3054 1381 3115 maxime
1414 3056 1446 3116 in

232 3189 259 3230 ro
275 3163 380 3227 tutela
400 3165 518 3229 civitas
540 3164 671 3230 videtur
693 3188 780 3247 esse,
812 3175 844 3230 et
865 3167 939 3232 Iovi
962 3175 993 3230 ct
1017 3163 1136 3233 Iunoni
1165 3178 1197 3233 et
1218 3169 1389 3235 Minervae
1413 3174 1445 3234 in

277 3281 500 3356 excelsissimo
529 3285 616 3366 loco,
657 3283 744 3348 unde
770 3287 935 3350 moenium
953 3289 1096 3350 maxima
1118 3309 1194 3373 pars
1215 3291 1443 3376 conspiciatur,

277 3395 644 3466 arcaedistribuantur.
689 3403 852 3467 Mercurio
875 3412 982 3468 autem
1003 3405 1039 3467 in
1061 3405 1149 3486 foro,
1185 3409 1380 3490 autetiam,
1410 3419 1444 3472 ut

277 3517 361 3582 Isidi
383 3528 416 3582 ct
438 3519 568 3606 Serapi,
596 3523 631 3584 in
656 3521 813 3607 empori03
846 3521 993 3607 Apollini
1013 3522 1169 3606 Patrique
1190 3522 1312 3589 Libero
1334 3547 1443 3590 secun-

279 3636 355 3699 dum
376 3635 557 3718 theatrum3
581 3635 733 3720 Herculi,
758 3637 935 3723 inquibus
958 3639 1147 3704 civitatibus
1170 3662 1236 3704 non
1256 3651 1333 3704 sunt
1354 3665 1442 3728 gym·
1486 3623 1487 3640 Χ

235 3782 261 3822 25
278 3755 371 3818 nasia
386 3776 492 3840 neque
515 3755 766 3841 amphitheatra,
789 3756 832 3819 ad
853 3758 992 3840 circum3
1015 3758 1114 3820 Marti
1136 3767 1230 3821 extra
1250 3759 1366 3823 urbem
1388 3763 1441 3826 sed

278 3855 514 3958 ad'campum3
554 3873 696 3960 itemque
726 3873 849 3938 Veneri
881 3873 924 3936 ad
951 3883 1090 3962 portum.
1136 3875 1176 3938 Id
1212 3885 1322 3940 autem
1349 3881 1441 3943 etiam

280 3989 428 4054 Etruscis
456 3990 685 4076 haruspicibus
711 3990 958 4078 disciplinarum
981 3993 1149 4078 scripturis
1175 3993 1222 4054 ita
1244 4002 1294 4057 est
1317 3994 1439 4060 dedica·

278 4119 363 4191 tum,
387 4116 480 4173 extra
500 4131 627 4173 murum
648 4110 804 4193 Veneris,
833 4110 988 4192 Volcani,
1016 4109 1132 4174 Martis
1156 4110 1234 4173 fana
1255 4111 1329 4176 idco
1350 4113 1438 4176 collo-

279 4228 362 4308 cari,
396 4227 444 4290 uti
468 4249 535 4291 non
560 4229 726 4292 insuescat
751 4230 786 4292 in
810 4228 892 4292 urbe
921 4226 1183 4292 adolescentibus
1208 4250 1266 4292 seu
1286 4231 1437 4296 matribus

236 4375 262 4414 ³0
280 4344 479 4408 familiarum
502 4346 636 4409 veneria
654 4345 774 4430 libid0;
800 4345 1004 4432 Volcanique
1028 4347 1062 4410 vi
1086 4369 1103 4410 e
1125 4347 1296 4412 moenibus
1318 4348 1438 4433 religio.-
1486 4411 1487 4452 ,
