3006 5170
238 435 277 498 60
737 410 896 493 vmauvn

233 608 370 664 naturae
392 610 425 665 et
447 622 575 683 comm,
605 602 661 686 qui
690 599 785 663 initia
805 599 1019 665 humanitatis
1048 609 1080 666 et
1107 603 1324 666 inventiones
1351 625 1438 689 per-

235 722 374 806 quisitas
397 721 591 806 scriptorum
612 718 795 804 praeceptis
819 718 1067 784 dedicaverunt.
1113 720 1231 806 Itaque
1252 721 1436 807 quemad-

235 839 367 904 modum
388 838 429 902 ab
451 837 503 901 his
528 859 599 900 sum
621 837 802 920 institutus,
825 857 999 923 exponam.

604 1182 608 1189 ·
687 1157 954 1222 CAPUTI.

204 1452 216 1490 ⁵
322 1434 349 1494 1.
373 1429 433 1518 (4.)
456 1402 614 1494 Homines
635 1432 740 1494 veteri
760 1452 860 1513 more,
882 1438 919 1493 ut
941 1430 1041 1512 ferae,
1063 1429 1099 1494 in
1115 1431 1208 1496 silvis
1232 1440 1264 1496 et
1279 1433 1430 1519 spelun-

234 1549 282 1612 cis
305 1556 337 1613 et
358 1549 546 1613 nemoribus
566 1548 795 1630 nascebantur,
819 1547 958 1635 ciboque
978 1548 1102 1633 agresti
1122 1549 1287 1614 vescendo
1307 1553 1427 1616 vitam

234 1666 421 1751 exigebant.
467 1666 598 1730 Interea
620 1665 760 1753 quodam
782 1667 817 1729 in
838 1667 908 1731 loco
932 1689 951 1729 a
973 1666 1223 1753 tempestatibus
1246 1678 1280 1732 et
1301 1673 1426 1735 ventis

236 1785 357 1848 densae
391 1784 620 1848 crebritatibus
652 1783 785 1847 arbores
822 1786 966 1868 agitatae
1003 1794 1035 1848 et
1068 1785 1154 1848 inter
1191 1809 1227 1850 se
1264 1796 1423 1853 terentes

235 1924 343 1965 ramos
365 1903 475 1988 ignem
497 1901 740 1986 excitaverunt,
769 1910 802 1965 et
829 1903 899 1966 eius
921 1901 1052 1966 flamma
1077 1903 1263 1970 vehementi
1285 1900 1422 1992 perter-

193 2043 217 2084 ro
236 2021 291 2084 riti
318 2021 374 2107 qui
396 2021 484 2084 circa
507 2042 580 2084 eum
603 2019 709 2085 locum
730 2020 865 2084 fuerunt
893 2030 970 2085 sunt
999 2021 1116 2108 fugati.
1162 2022 1261 2106 Post,
1294 2045 1333 2088 ea
1366 2047 1421 2088 re·

236 2141 356 2226 quieta,
369 2141 503 2224 propius
520 2139 711 2204 accedentes
723 2162 797 2204 eum
809 2139 1129 2224 animadvertissent,
1146 2142 1417 2208 commoditatem

236 2281 308 2322 esse
329 2280 480 2344 magnam
501 2258 691 2346 corporibus
720 2259 763 2322 ad
792 2260 880 2345 ignis
907 2268 1070 2347 teporem,
1095 2257 1187 2345 ligna
1214 2260 1416 2325 adiicientes

236 2367 268 2442 et
296 2378 342 2441 ita
371 2386 603 2442 conservantes
637 2378 718 2443 alios
749 2378 972 2462 adducebant,
1010 2386 1043 2441 et
1074 2386 1155 2442 nutu
1187 2388 1414 2443 monstrantes

238 2496 469 2580 ostendebant,
496 2519 576 2583 quas
604 2495 763 2561 haberent
792 2518 834 2560 ex
860 2517 898 2560 co
920 2495 1090 2560 utilitates.
1136 2497 1197 2583 (5.)
1225 2496 1267 2559 In
1291 2518 1330 2560 eo
1353 2497 1413 2562 ho-

193 2640 218 2681 15
236 2616 361 2678 minum
382 2636 561 2699 congressu
587 2636 660 2678 cum
688 2613 972 2701 profundebantur
999 2614 1094 2679 aliter
1115 2637 1140 2679 e·
1155 2616 1275 2702 spiritu
1296 2637 1409 2699 voces,

209 2737 217 2754 ⁹
237 2732 428 2820 quotidiana
446 2732 683 2797 consuetudine
696 2732 867 2817 vocabula,
883 2741 919 2797 ut
939 2733 1132 2818 obtigerant,
1149 2734 1410 2817 constituerunt3

238 2848 355 2912 deinde
377 2848 592 2932 significando
615 2872 668 2913 res
688 2851 818 2936 saepius
841 2852 876 2914 in
898 2872 962 2914 usu
985 2872 1027 2914 ex
1049 2851 1170 2916 eventu
1192 2851 1256 2916 fari
1273 2852 1410 2916 fortuito

237 2975 424 3052 coeperunt,
448 2967 543 3030 etita
567 2988 731 3031 sermones
753 2970 840 3032 inter
862 2991 898 3033 so
918 2977 1184 3055 procreaverunt.

323 3204 353 3266 2.
382 3202 472 3288 Ergo
494 3225 566 3267 cum
588 3212 719 3290 propter
741 3180 828 3290 ignis
857 3205 1082 3269 inventionem
1107 3212 1290 3290 conventus
1313 3205 1412 3268 initio

192 3350 219 3390 ro
238 3321 325 3408 apud
345 3321 493 3387 homines
519 3328 551 3384 et
578 3320 751 3385 concilium
782 3331 813 3387 et
841 3325 1010 3388 convictus
1039 3329 1125 3385 esset
1152 3329 1283 3404 natus,
1306 3332 1339 3385 et
1372 3325 1410 3386 in

237 3463 339 3504 unum
353 3440 461 3504 locum
482 3439 592 3524 plures
615 3442 827 3504 convenirent
847 3439 1005 3504 habentes
1020 3439 1061 3503 ab
1075 3423 1203 3504 ¹natura
1222 3441 1408 3526 praemium

236 3567 366 3644 praeter
384 3559 510 3645 reliqua
529 3558 699 3640 animalia,
727 3567 764 3622 ut
784 3581 849 3623 non
869 3559 965 3645 proni
987 3559 1045 3623 sed
1067 3558 1168 3622 erecti
1190 3557 1407 3640 ambularent,

236 3678 414 3762 mundique
436 3684 469 3740 ct
489 3685 652 3740 astrorum
672 3676 949 3762 magnificentiam
967 3676 1183 3764 adspicerent,
1203 3678 1282 3740 item
1304 3677 1408 3741 mani-

236 3796 298 3859 bus
327 3804 360 3859 et
388 3794 535 3859 articulis
563 3818 661 3882 quam
686 3795 809 3860 vellent
838 3817 908 3858 rem
936 3794 1079 3858 faciliter
1106 3801 1304 3876 tractarent,
1338 3817 1408 3859 coe·

193 3942 220 3982 25
237 3921 355 4001 parunt
376 3914 412 3976 in
433 3933 470 3978 eo
494 3921 589 3976 coetu
610 3911 666 3975 alii
688 3912 728 3977 de
752 3912 868 3977 fronde
890 3912 1000 3977 facere
1021 3921 1124 3996 tecta,
1152 3910 1210 3975 alii
1232 3912 1407 3998 speluncas

237 4031 351 4095 fodere
373 4030 433 4094 sub
456 4031 640 4114 montibus,
668 4029 816 4097 nonnulli
834 4030 1052 4095 *hirundinum
1076 4029 1171 4094 nidos
1197 4038 1229 4094 et
1254 4029 1407 4094 aedifica-

236 4138 341 4214 tiones
365 4170 476 4212 earum
499 4151 664 4214 imitantes
696 4151 736 4214 de
763 4150 831 4214 luto
862 4157 894 4213 et
920 4148 1061 4235 virgulis
1090 4150 1198 4213 facere
1226 4145 1300 4232 loca
1323 4170 1408 4234 quae

238 4267 396 4331 subirent.
443 4264 536 4330 Tunc
569 4267 781 4332 observantes
810 4268 918 4332 aliena
948 4276 1036 4332 tecta
1063 4275 1095 4330 et
1122 4266 1317 4330 adiicientes
1338 4267 1406 4332 suis

237 4382 490 4468 cogitationibus
519 4404 572 4446 res
601 4363 723 4466 novas,
751 4384 940 4449 efficiebant
966 4387 1002 4448 in
1026 4385 1096 4449 dies
1124 4383 1260 4448 meliora
1284 4405 1408 4468 genera
