3008 5162
273 443 313 502 94
772 449 932 504 vrrauvrr

271 609 369 690 ratis,
401 607 544 693 reliquos
566 615 674 671 autem
703 609 792 672 cives
814 609 850 672 in
870 631 964 674 muro
985 631 1058 674 esse
1077 610 1183 673 iussit.
1229 613 1309 672 Oum
1333 615 1430 672 autem

272 724 392 789 Rhodii
413 734 528 789 ornata
557 724 661 789 classe
690 726 724 790 in
750 735 880 811 portum
902 729 1058 792 maiorem
1079 730 1324 814 exposuissent,
1351 725 1430 812 plau-

273 865 344 906 sum
369 845 466 907 iussit
487 866 529 910 ex
549 867 642 907 muro
663 845 714 907 his
738 845 853 908 darent
874 845 1087 932 pollicerique
1110 868 1144 909 se
1167 846 1323 931 oppidum
1344 843 1431 906 tradi-

272 969 379 1046 tur0s3
405 963 461 1047 qui
486 983 560 1025 cum
588 965 849 1048 penetravissent
875 964 962 1026 intra
984 986 1129 1045 murum,
1156 964 1281 1027 relictis
1302 962 1431 1025 navibus

238 1079 441 1161 sinanibus,
471 1080 651 1144 Artemisia
684 1088 818 1165 repente
853 1081 943 1145 fossa
974 1081 1060 1146 facta
1093 1084 1128 1145 in
1159 1081 1297 1166 pelagus
1330 1080 1432 1143 eduxit

271 1197 410 1262 classem
444 1219 486 1262 ex
518 1205 614 1283 portu
648 1199 790 1281 minore,
825 1207 856 1262 et
890 1200 937 1262 ita
968 1201 1100 1264 invecta
1133 1208 1181 1262 est
1209 1200 1244 1261 in
1272 1200 1430 1263 maiorem.

270 1317 440 1402 Expositis
460 1324 569 1378 autem
589 1315 747 1378 militibus
767 1315 905 1380 classem
927 1317 1129 1382 Rhodiorum
1150 1317 1282 1379 inanem
1302 1317 1431 1381 abduxit

269 1436 305 1498 in
327 1434 438 1498 altum.
483 1435 535 1497 Ita
556 1434 675 1498 Rhodii
697 1455 762 1496 non
786 1434 944 1498 habentes
967 1456 1031 1521 quo
1053 1457 1088 1497 se
1105 1435 1300 1520 reciperent,
1322 1437 1357 1500 in
1375 1456 1430 1496 me·

271 1554 324 1618 dio
355 1552 514 1635 conclusi,
542 1553 675 1638 inipso
699 1551 768 1616 foro
798 1561 873 1615 sunt
902 1552 1066 1615 trucidati.
1114 1555 1162 1616 15.
1186 1551 1239 1614 Ita
1260 1553 1431 1617 Artemisia

227 1693 252 1736 ro
269 1673 304 1734 in
326 1671 466 1734 navibus
491 1668 693 1733 Rhodiorum
715 1671 784 1732 suis
813 1668 971 1735 militibus
1000 1679 1032 1734 et
1059 1670 1238 1754 remigibus
1266 1670 1430 1756 impositis,

269 1788 421 1852 Rhodum
443 1797 493 1851 est
513 1789 671 1874 profecta.
716 1786 838 1850 Rhodii
861 1797 969 1852 autem
992 1811 1065 1851 cum
1086 1789 1337 1874 prospexissent
1364 1809 1430 1851 suas

268 1928 371 1971 naves
392 1905 554 1968 laureatas
573 1906 697 1988 venire,
714 1907 887 1992 opinantes
906 1907 995 1969 cives
1013 1907 1154 1968 victores
1172 1907 1305 1987 reverti,
1327 1907 1430 1970 hostes

267 2032 470 2108 receperunt.
516 2022 600 2085 Tum
622 2024 800 2087 Artemisia
822 2023 937 2088 Rhodo
958 2032 1062 2111 capta,
1084 2023 1288 2110 principibus
1308 2026 1430 2104 occisiS,

267 2140 459 2226 trophaeum
481 2141 516 2204 in
535 2141 616 2204 urbe
638 2140 752 2205 Rhodo
777 2163 855 2206 suae
876 2142 1034 2206 victoriae
1055 2143 1233 2225 constituit,
1253 2164 1429 2228 aeneasque

226 2282 251 2324 1⁵
269 2239 350 2323 duas
374 2269 497 2324 statuas
526 2259 619 2342 fecit,
649 2282 748 2323 unam
774 2261 974 2324 Rhodiorum
1003 2261 1165 2343 civitatis,
1195 2261 1330 2348 alteram
1360 2283 1429 2325 suae

267 2380 439 2463 imaginis,
470 2387 502 2442 et
529 2379 625 2441 istam
652 2377 808 2462 figuravit
830 2379 1032 2443 Rhodiorum
1054 2381 1181 2444 civitati
1203 2381 1358 2465 stigmata
1378 2383 1428 2442 im-

267 2508 452 2584 ponentem.
514 2498 594 2562 Ideo
632 2507 741 2562 autem
777 2505 891 2582 postea
925 2497 1046 2561 Rhodii
1081 2497 1239 2582 religione
1277 2498 1428 2586 impediti,

268 2617 355 2702 quod
374 2615 467 2680 nefas
489 2625 538 2679 est
558 2615 715 2701 trophaea
738 2615 889 2679 dedicata
910 2615 1087 2697 removeri,
1115 2617 1202 2678 circa
1227 2638 1301 2680 eum
1328 2616 1427 2681 locum

268 2735 453 2797 aedificium
480 2743 686 2818 struxerunt,
721 2744 752 2799 et
784 2735 818 2798 id
853 2741 960 2798 erecta
983 2733 1085 2797 Graia
1110 2733 1249 2797 statione
1271 2739 1427 2812 texerunt,

224 2879 250 2919 20
268 2873 308 2913 ne
330 2852 402 2935 quis
425 2859 537 2934 posset
559 2839 769 2938 aspicerc,et
790 2852 825 2915 id
847 2843 974 2934 ἄβατον
995 2853 1134 2917 vocitari
1155 2853 1333 2916 iusserunt.

354 3209 402 3270 16.
438 3208 519 3294 (42.)
556 3206 638 3271 Cum
677 3229 754 3292 ergo
791 3217 858 3271 tam
896 3229 1016 3291 magna
1052 3207 1199 3292 potentia
1234 3225 1330 3289 reges
1368 3225 1427 3266 non

216 3364 219 3372 ·
266 3326 518 3412 contempserint
534 3324 756 3389 latericiorum
777 3328 939 3411 parietum
964 3334 1159 3407 structuras,
1182 3324 1301 3410 quibus
1326 3333 1357 3386 et
1377 3343 1426 3386 ve·

267 3444 441 3530 ctigalibus
469 3453 501 3508 et
525 3444 648 3529 praeda
676 3447 805 3531 saepius
832 3443 955 3510 licitum
984 3443 1106 3526 fuerat,
1140 3465 1206 3506 non
1236 3441 1334 3504 modo
1360 3459 1425 3502 cae-

266 3563 412 3626 mentitio
433 3569 489 3626 aut
508 3561 666 3647 quadrato
690 3584 770 3626 saxo
794 3563 972 3626 sedetiam
993 3581 1173 3624 marmoreo
1201 3559 1340 3641 habere,
1365 3578 1425 3621 non

222 3702 248 3742 25
264 3689 343 3766 puto
365 3689 513 3768 oportere
531 3680 725 3764 improbari,
749 3701 831 3765 quae
853 3688 927 3742 sunt
950 3701 967 3742 e
990 3679 1136 3743 latericia
1158 3685 1323 3741 structura
1344 3676 1424 3738 faeta

265 3800 422 3882 aedificia,
446 3798 619 3863 dummodo
641 3806 729 3862 recte
752 3799 818 3861 sint
838 3805 946 3860 tecta·
980 3797 1046 3861 Sed
1067 3796 1101 3860 id
1120 3818 1223 3880 genus
1243 3796 1322 3880 quid
1342 3795 1387 3856 ita
1407 3811 1424 3851 a

264 3917 383 4003 populo
406 3917 609 3980 Romanuin
630 3915 721 3979 Urbe
744 3916 815 3978 fieri
844 3937 919 3983 non,
939 3922 1101 3999 oporteat,
1126 3933 1303 3999 exponam,
1332 3929 1422 3997 quae·

265 4058 327 4122 que
359 4036 424 4098 sint
456 4035 525 4097 eius
558 4035 607 4098 rei
641 4055 760 4097 causae
796 4041 829 4096 et
863 4034 1023 4110 rationes,
1060 4053 1127 4095 non
1160 4031 1421 4116 praetermittam.

266 4157 314 4216 17.
341 4152 422 4239 (43.)
444 4152 552 4237 Leges
571 4152 721 4237 publicae
748 4173 814 4216 non
840 4152 1010 4236 patiuntur
1031 4150 1170 4210 maiores
1193 4145 1422 4210 crassitudines

220 4293 246 4336 so
263 4294 361 4356 quam
394 4269 637 4354 sesquipedales
675 4269 830 4333 constitui
869 4266 939 4332 loco
972 4266 1151 4347 communi,
1187 4266 1287 4328 ceteri
1318 4271 1420 4326 autem

262 4393 419 4479 parietes,
440 4409 481 4449 ne
503 4387 609 4471 spatia
632 4387 824 4466 angustiora
841 4384 971 4466 fierent,
995 4383 1108 4447 eadem
1128 4380 1345 4446 crassitudine
1362 4375 1421 4442 eol·
