3008 5162
251 403 291 465 88
753 413 912 460 vrruuvn

251 579 305 632 tur
325 590 419 631 ruere
442 567 630 649 materiam,
661 566 719 630 sed
743 575 902 652 perpetua
923 568 1085 651 parietum
1109 564 1332 630 crassitudine
1355 562 1427 628 reli-

253 695 329 774 gata
350 687 559 750 continentur
581 685 625 748 ad
644 705 804 748 summam
826 692 1034 747 vetustatem.
1131 745 1150 786 ·

317 926 370 986 ’7.
395 921 474 1008 (35.)
495 920 611 984 Altera
633 929 693 1002 est,
712 941 810 1007 quam
833 909 1018 1001 ἐμπλεκτόν
1040 918 1216 1005 appellant,
1239 940 1306 1004 qua
1329 919 1429 980 etiam

256 1041 359 1105 nostri
384 1039 499 1102 rustici
526 1046 680 1124 utuntur3
710 1059 848 1122 quorum
873 1037 996 1101 frontes
1024 1034 1206 1121 poliuntur,
1230 1037 1365 1123 reliqua
1386 1038 1430 1100 ita

225 1159 306 1221 suti
331 1167 407 1220 sunt
435 1136 521 1220 nata*
539 1177 612 1219 cum
638 1157 777 1220 materia
806 1155 964 1219 collocata
997 1152 1133 1218 alternis
1164 1155 1348 1240 alligantur
1382 1178 1430 1220 co-

257 1275 430 1360 agmentis.
475 1273 540 1337 Sed
561 1275 676 1356 nostri,
700 1272 860 1338 celeritati
884 1273 1069 1354 studenter,
1102 1286 1210 1336 erecta
1231 1272 1430 1338 collocantes

258 1392 420 1456 frontibus
444 1393 602 1474 serviunt,
627 1392 714 1454 etin
733 1391 841 1466 medio
864 1391 1007 1455 farciunt
1026 1390 1140 1454 fractis
1159 1392 1338 1478 separatim
1360 1413 1430 1454 eum

259 1512 398 1575 materia
422 1511 618 1593 caenientis3
647 1511 693 1573 ita
726 1519 791 1573 tres
825 1510 1024 1572 suscitantur
1049 1509 1084 1570 in
1111 1530 1150 1570 ea
1173 1516 1340 1574 structura
1363 1534 1431 1574 cru·

261 1640 340 1712 stae,
365 1630 448 1693 duae
470 1628 627 1693 frontium
650 1637 682 1692 et
701 1649 767 1690 una
786 1626 896 1689 media
914 1625 1070 1708 farturae.
1116 1625 1198 1712 (36.)
1216 1625 1340 1691 Graeci
1354 1651 1431 1692 vero

217 1775 242 1814 ro
261 1771 327 1812 non
349 1750 416 1828 ita3
438 1746 495 1809 sed
516 1746 614 1832 plena
638 1721 844 1826 collocantes,
866 1751 897 1807 ct
919 1743 1143 1828 longitudines
1167 1766 1281 1818 eorum
1296 1745 1432 1810 alternis

260 1867 294 1928 in
323 1862 574 1927 crassitudinem
602 1864 818 1944 instruentes,
850 1885 915 1926 non
947 1861 1056 1924 media
1087 1861 1246 1940 farciunt,
1283 1863 1342 1926 sed
1366 1865 1433 1926 suis

260 1950 410 2044 frontatis
432 1987 622 2065 perpetuam
645 1987 677 2042 et
699 2001 797 2042 unam
825 1979 1075 2042 crassitudinem
1102 1981 1265 2066 parietum
1295 1980 1433 2046 consoli-

261 2100 351 2163 dant.
396 2097 570 2161 Praeterea
599 2099 811 2184 interponunt
843 2096 990 2182 singulos
1024 2098 1242 2163 crassitudine
1276 2109 1433 2187 perpetua

264 2225 402 2302 utraque
422 2225 515 2304 parte
537 2217 706 2299 frontatos,
729 2238 810 2302 quos
828 2209 1006 2289 διατόνους
1024 2214 1199 2302 appellarit,
1218 2219 1275 2304 qui
1292 2220 1434 2282 maxime

222 2359 245 2400 u
263 2335 434 2422 religando
458 2335 650 2402 confirmant
672 2335 831 2420 parietum
856 2331 1084 2396 soliditatem.-

349 2574 379 2635 8.
404 2571 486 2656 (37.)
510 2569 627 2656 Itaque
647 2570 674 2632 si
697 2571 753 2655 qui
774 2568 916 2634 voluerit
937 2591 979 2633 ex
996 2569 1047 2633 his
1069 2572 1312 2634 commentariis
1335 2573 1434 2634 anim-

265 2690 437 2753 advertere
467 2697 499 2750 et
529 2687 650 2771 eligere
683 2709 786 2772 genus
820 2695 1021 2769 structurae,
1059 2688 1292 2772 perpetuitatis
1317 2691 1435 2773 poterit

267 2807 425 2870 rationem
457 2802 589 2867 habere.
639 2803 713 2870 Non
746 2807 834 2869 enim
867 2827 950 2891 quae
983 2812 1059 2868 sunt
1091 2827 1108 2868 a
1141 2802 1232 2868 molli
1265 2811 1434 2870 caemento

269 2920 381 2984 subtili
405 2920 490 2984 facie
510 2923 701 3005 venustatis,
725 2945 790 2986 non
811 2923 872 2986 hae
888 2933 1026 3009 possunt
1048 2944 1119 2986 essa
1133 2924 1168 2986 in
1187 2931 1353 2988 vetustate
1374 2947 1435 2990 non

224 3068 250 3108 20
267 3041 430 3103 ruinosae.
473 3038 589 3125 Itaque
612 3063 685 3104 cum
708 3042 823 3105 arbitri
842 3043 1062 3105 communium
1076 3042 1236 3127 parietum
1252 3053 1434 3124 sumuntur,

268 3178 333 3220 non
357 3158 531 3221 aestimant
558 3181 627 3222 eos·
642 3153 756 3245 quanti
781 3158 861 3221 facti
889 3157 1026 3241 fuerint3
1060 3158 1118 3222 sed
1146 3180 1220 3221 cum
1248 3181 1291 3221 ex
1314 3160 1435 3224 tabulis

267 3275 441 3364 inveniunt
463 3297 573 3339 eorum
594 3276 763 3340 locationis
784 3277 900 3362 pretia,
919 3277 1168 3363 praeteritorum
1190 3298 1351 3342 annorum
1374 3281 1437 3342 sin·

269 3392 418 3476 gulorum
453 3393 617 3458 deducunt
649 3395 881 3477 octogesimas,
915 3403 947 3457 et
976 3395 1022 3456 ita
1055 3416 1098 3456 ex
1129 3393 1256 3480 reliqua
1289 3419 1435 3460 summae

269 3519 361 3597 parte
388 3510 481 3574 reddi
510 3533 567 3596 pro
598 3511 648 3574 his
682 3511 861 3597 parietibus
895 3513 1091 3575 sententiam
1112 3513 1344 3597 pronuntiant,
1370 3537 1435 3580 eos-

227 3657 253 3695 ns
271 3651 333 3714 que
356 3649 421 3691 non
441 3649 537 3714 posse
558 3626 750 3714 plusquam
772 3651 875 3692 annos
898 3627 1035 3691 LXXX
1054 3629 1183 3694 durare.

356 3863 386 3922 9.
414 3859 467 3923 De'
492 3860 648 3926 latericiis
678 3885 773 3946 vero,
805 3863 980 3928 dummodo
1009 3864 1052 3927 ad
1078 3867 1346 3952 perpendiculum
1374 3873 1437 3934 sint

272 3985 410 4059 stantes,
439 3978 520 4041 nihil
551 3979 741 4067 deducitur3
774 3983 832 4046 sed
860 3984 971 4068 quanti
995 3982 1117 4047 fuerint
1139 3984 1217 4048 olim
1236 3987 1333 4068 facti,
1356 3989 1437 4051 tanti

273 4117 344 4159 esse
378 4117 505 4181 semper
537 4100 759 4164 aestimantur.
808 4099 933 4186 ¹Itaque
974 4101 1140 4166 nonnullis
1179 4103 1369 4167 civitatibus
1408 4115 1439 4168 et

271 4213 404 4301 publica
426 4236 526 4300 opera
548 4223 580 4277 et
601 4217 748 4301 privatas
769 4219 896 4302 domos,
921 4222 1019 4284 otiam
1041 4222 1168 4304 regiae,
1192 4242 1209 4282 e
1231 4219 1332 4284 latere
1356 4229 1438 4286 stru-

228 4353 254 4394 so
275 4341 342 4398 ctas
363 4331 440 4396 licet
461 4331 591 4415 videre,
620 4342 652 4396 et
668 4337 807 4419 primum
829 4337 968 4402 Athenis
989 4358 1135 4417 murum,
1164 4338 1220 4421 qui
1251 4347 1378 4422 spectat
1398 4339 1439 4403 ad
