3006 5170
254 399 296 462 66
584 451 587 458 .
760 402 920 450 v1rnuv11

255 568 401 632 dentiam
429 565 595 649 copiarum
624 558 667 623 ad
691 555 936 620 aedificationes
966 553 1008 618 ab
1032 574 1071 616 ea
1096 559 1358 639 comparatam,
1389 559 1449 614 tra

254 684 373 748 otando
387 683 595 746 nutriverunt
613 685 645 740 et
662 683 790 738 auctam
806 695 864 758 per
879 680 964 735 artes
986 680 1185 736 ornaverunt
1200 669 1451 758 voluptatibus

255 803 451 888 elegantiam
473 799 571 864 vitae.
619 793 701 880 (10.)
724 791 832 877 Igitur
854 790 894 854 de
914 789 965 852 his
987 789 1097 872 rebus,
1118 799 1308 875 quaesunt
1337 790 1382 852 in
1406 811 1451 850 ae-

256 919 373 986 dificiis
396 919 439 982 ad
461 939 557 980 usum
582 913 736 992 idoneae,
760 909 944 996 quibusque
967 907 1033 970 sint
1056 909 1273 994 qualitatibus
1300 916 1345 970 et
1370 929 1452 992 quas

224 1031 398 1104 shabeant
419 1038 569 1114 virtutes,
591 1039 628 1094 ut
649 1038 797 1117 potuero,
821 1027 937 1090 dicam.

343 1277 372 1338 8.
397 1271 462 1336 Sed
490 1271 517 1333 si
545 1269 617 1356 quis
646 1267 686 1330 de
714 1264 828 1330 ordine
855 1261 950 1326 huius
977 1261 1055 1324 libri
1082 1260 1249 1345 disputare
1283 1262 1451 1339 voluerit,

259 1390 346 1478 quod
366 1389 533 1477 putaverit
555 1407 629 1494 epm
647 1385 786 1469 primum
809 1379 952 1482 institui,
971 1379 1168 1464 oportuisse,
1199 1402 1240 1444 ne
1264 1391 1380 1466 putet
1404 1403 1452 1442 me

225 1536 227 1540 ¹
259 1511 435 1588 erravisse,
471 1507 517 1568 sic
540 1503 676 1568 reddam
697 1503 868 1565 rationem.
926 1497 1010 1561 Cum
1043 1520 1160 1585 corpus
1194 1499 1451 1564 architecturae

258 1628 452 1707 scriberem,
482 1624 587 1711 primo
620 1622 786 1687 volumine
814 1618 945 1704 putavi,
982 1617 1100 1703 quibus
1130 1616 1395 1684 eruditionibus
1425 1627 1451 1680 et

139 1779 142 1786 ·
215 1766 241 1806 10
259 1743 441 1828 disciplinis
475 1748 561 1804 esset
593 1747 708 1803 ornata
739 1756 919 1823 exponere,
953 1734 1112 1821 finireque
1143 1737 1451 1801 terminationibus

258 1863 328 1923 eius
351 1860 487 1945 species,
512 1865 545 1920 et
567 1879 584 1920 e
607 1856 725 1942 quibus
747 1855 844 1917 rebus
866 1862 952 1917 esset
970 1862 1048 1917 nata
1071 1853 1196 1938 dicere,
1217 1855 1341 1942 itaque
1369 1854 1450 1943 quid

260 1982 408 2060 oporteat
430 1996 501 2037 esse
529 1974 564 2036 in
592 1972 785 2053 architecto,
814 1970 861 2035 ibi
883 1973 1110 2057 pronunciavi.
1156 1973 1246 2058 Ergo
1270 1974 1305 2036 in
1333 1977 1449 2061 primo

260 2094 300 2158 de
321 2095 401 2156 artis
422 2089 548 2173 officio,
577 2091 611 2153 in
640 2090 700 2154 hoc
724 2091 764 2153 de
784 2090 990 2154 naturalibus
1008 2090 1164 2154 materiae
1185 2092 1302 2174 rebus,
1345 2115 1448 2180 quem

260 2209 404 2275 habeant
432 2231 545 2290 usum,
582 2207 766 2292 disputabo.
810 2207 960 2293 Namque
982 2208 1035 2272 hic
1057 2209 1142 2272 liber
1162 2232 1228 2273 non
1249 2210 1445 2295 profitetur,

218 2355 243 2396 15
260 2327 348 2392 unde
364 2327 584 2390 architectura
601 2332 765 2407 nascatur,
786 2325 843 2387 sed
858 2326 944 2387 unde
963 2327 1106 2410 origines
1125 2326 1357 2416 aedificiorum
1381 2332 1447 2392 sint

260 2448 429 2511 institutae
463 2453 496 2508 et
528 2442 646 2530 quibus
679 2441 861 2506 rationibus
891 2443 1051 2507 enutritae
1081 2454 1113 2508 et
1144 2467 1346 2530 progressae
1380 2449 1445 2509 sint

261 2565 426 2651 gradatim
449 2561 492 2625 ad
514 2562 598 2624 hano
619 2560 812 2625 finitionem.
857 2563 886 2622 9.
912 2559 1001 2644 Ergo
1024 2561 1070 2623 ita
1091 2585 1148 2626 suo
1172 2557 1286 2627 ordine
1308 2575 1346 2628 et
1373 2567 1444 2630 loco

262 2683 359 2746 huius
383 2681 445 2744 erit
465 2677 639 2743 voluminis
661 2679 861 2743 constitutio.

639 3015 642 3021 ,
702 2946 990 3011 ΟΑΡΠΤΙΙ.

219 3174 246 3214 ro
350 3146 431 3234 (11.)
466 3147 561 3211 Nunc
586 3155 733 3212 revertar
753 3150 794 3213 ad
817 3149 1034 3236 propositum,
1067 3157 1099 3212 et
1126 3148 1166 3212 de
1195 3149 1313 3234 copiis,
1351 3173 1445 3236 quae

265 3273 360 3351 aptae
383 3274 457 3328 sunt
478 3265 699 3330 aedificiorum
719 3265 990 3352 perfectionibus,
1009 3267 1284 3352 quemadmodum
1300 3265 1444 3332 videan-

264 3393 318 3447 tur
347 3405 418 3447 esse
443 3383 485 3446 ab
512 3391 630 3446 natura
652 3406 761 3448 rerum
789 3393 977 3471 procreatae
1006 3384 1190 3470 quibusque
1217 3385 1442 3450 mixtionibus

264 3502 496 3587 principiorum
517 3522 709 3586 congressus
733 3510 970 3589 temperentur,
997 3523 1039 3563 ne
1062 3501 1201 3566 obscura
1225 3501 1285 3565 sed
1309 3505 1441 3590 perspi·

265 3640 327 3681 cua
348 3616 533 3704 legentibus
557 3620 640 3701 sint,
664 3620 894 3684 ratiocinabor.
939 3618 1087 3704 Namque
1112 3618 1202 3682 nulla
1223 3621 1441 3685 materiarum

219 3760 245 3800 25
265 3758 396 3824 genera,
418 3757 524 3822 neque
545 3758 691 3821 corpora,
711 3759 816 3823 neque
838 3758 890 3800 res
912 3737 982 3799 sine
1003 3737 1239 3822 principiorum
1262 3746 1360 3802 coetu
1384 3762 1443 3803 na-

266 3854 328 3936 sci,
363 3875 469 3939 neque
504 3854 621 3917 subiici
654 3853 834 3919 intellectui
867 3864 1019 3940 possunt,
1052 3877 1157 3941 neque
1192 3855 1289 3919 aliter
1318 3867 1443 3924 natura

265 3993 372 4035 rerum
390 3973 583 4068 'praeceptis
614 3971 824 4059 physicorum
854 3993 949 4037 veras
982 3975 1106 4059 patitur
1138 3972 1258 4038 habere
1292 3976 1443 4062 explica-

266 4091 382 4171 tiones,
406 4088 469 4150 nisi
491 4110 626 4171 causae,
650 4113 733 4176 quae
755 4093 869 4154 insunt
891 4091 924 4152 in
946 4092 997 4155 his
1019 4091 1134 4173 rebus,
1161 4092 1441 4178 quemadmodum

267 4214 299 4269 et
331 4205 411 4291 qnid
444 4206 490 4268 ita
522 4207 604 4287 sint,
637 4208 813 4272 subtilibus
846 4209 1027 4273 rationibus
1060 4208 1203 4274 habeant
1235 4210 1442 4276 demonstra-

221 4349 247 4388 so
265 4324 381 4384 tiones.
