3008 5162
253 439 311 498 144
752 449 911 498 vmauvu

251 601 476 684 collocandae3
506 602 679 687 angulares
710 609 834 685 autern,
864 623 1015 689 quaeque
1040 624 1058 666 e
1080 606 1215 687 regione
1238 624 1346 667 earum
1368 603 1417 666 fu-

250 731 342 786 turae
365 729 441 784 sunt
468 720 503 783 in
528 717 686 784 lateribus
714 719 804 784 aedis
833 720 951 785 dextra
981 743 1019 784 ac
1051 722 1202 805 sinistra,
1236 723 1284 785 uti
1309 731 1416 808 partes

251 840 438 923 interiores,
461 861 544 928 quac
567 839 610 903 ad
627 837 891 925 parietes.cellae
908 848 1071 925 spectant,
1092 838 1134 903 ad
1150 839 1416 927 perpendiculum

251 957 335 1021 latus
354 957 497 1022 habeant
518 958 726 1040 collocatum,
749 958 929 1022 exteriores
953 966 1062 1021 autem
1084 969 1210 1046 partes,
1232 959 1281 1046 uti
1300 957 1416 1021 dictum
1493 980 1494 1056 p

220 1083 327 1142 sante
350 1074 391 1139 de
413 1096 525 1141 aarum
543 1082 759 1140 contractura.
805 1075 860 1139 Sic
881 1077 969 1139 enim
999 1085 1095 1140 erunt
1116 1077 1242 1162 figurae
1265 1075 1417 1162 composi-

249 1196 351 1260 tionis
373 1195 504 1259 aedium
526 1202 752 1260 contracturae
773 1194 860 1258 iusta
882 1197 1008 1260 ratione
1032 1204 1180 1260 exactae.

1494 1297 1495 1340 l

336 1405 366 1466 5.
394 1401 477 1487 (45.)
505 1398 619 1487 Scapis
646 1397 870 1462 columnarum
899 1397 1047 1477 statutis,
1082 1396 1297 1483 capitulorum
1323 1399 1417 1480 ratio,

252 1521 280 1584 si
302 1519 473 1606 pulvinata
494 1527 605 1600 erunt,
634 1517 685 1581 his
713 1517 911 1602 symmetriis
938 1513 1213 1598 conformabitur,
1235 1518 1300 1598 uti,
1323 1537 1417 1602 quam

252 1659 381 1703 crassus
404 1638 489 1701 imus
513 1656 630 1722 scapus
653 1632 753 1699 fuerit
774 1633 888 1697 addita
909 1642 1026 1698 octava
1050 1632 1176 1696 decima
1198 1641 1292 1719 parte
1315 1633 1418 1719 scapi,

213 1777 236 1816 m
251 1756 374 1820 abacus
390 1755 511 1818 habeat
525 1751 765 1837 longitudinem
784 1761 817 1816 ct
830 1751 1055 1834 latitudinem3
1076 1751 1326 1816 crassitudinem
1346 1772 1418 1814 cum

250 1872 373 1937 volutis
395 1872 464 1935 eius
487 1871 665 1934 dimidiam.
712 1869 793 1960 (46.)
827 1868 1059 1934 Recedendum
1086 1877 1194 1932 autem
1224 1877 1273 1932 est
1296 1867 1338 1932 ab
1367 1889 1418 1931 ex·
1496 1936 1497 1948 χ

224 2073 227 2080 ’
250 1998 354 2052 tremo
376 1987 479 2052 abaco
498 1987 744 2064 in,interiorem
769 1995 898 2074 partem
926 1986 1090 2051 frontibus
1118 1986 1305 2052 volutarum
1327 1995 1418 2076 parte

251 2105 522 2190 duodevigesima
551 2113 584 2169 et
615 2105 686 2170 eius
719 2104 865 2169 dimidia.
911 2103 1005 2169 Tunc
1031 2106 1218 2171 crassitudo¹
1242 2106 1418 2173 dividenda

252 2235 302 2289 est
329 2227 363 2289 in
389 2234 500 2311 partes
529 2244 648 2288 novem
678 2232 710 2287 et
741 2223 926 2306 dimidiam3
959 2233 990 2288 et
1023 2224 1203 2290 secundum
1224 2225 1366 2290 abacum
1387 2227 1419 2288 in
1497 2309 1498 2322 χ

210 2364 234 2405 15
252 2354 390 2432 quatuor
410 2343 559 2430 partibus
576 2342 761 2410 volutarum
784 2341 963 2406 secundum
986 2344 1124 2406 extremi
1143 2341 1239 2406 abaci
1260 2344 1417 2430 quadram

250 2463 358 2528 lineae
381 2462 615 2545 demittendae,
645 2483 728 2549 quae
761 2461 882 2524 catheti
910 2459 1073 2526 dicuntur.
1117 2460 1211 2526 Tunc
1239 2484 1281 2526 ex
1303 2481 1418 2527 novem

251 2578 400 2666 partibus
424 2566 456 2645 et
477 2579 612 2645 dimidia
628 2602 694 2644 una
712 2602 788 2666 pars
805 2588 837 2643 et
853 2563 989 2672 dimidia
1001 2562 1098 2643 abaci
1117 2580 1299 2645 crassitudo
1322 2578 1416 2645 relin-
1497 2631 1499 2637 1

253 2708 390 2786 quatur,
410 2697 556 2784 reliquae
580 2708 652 2763 octo
669 2699 789 2766 volutis
805 2698 1056 2762 constituantur.
1075 2769 1079 2774 ,
1101 2702 1130 2763 6.
1154 2696 1248 2772 Tunc
1264 2697 1306 2762 ab
1323 2695 1417 2777 linea,

253 2839 337 2903 quae
358 2807 537 2880 secundum
561 2814 655 2880 abaci
679 2824 860 2880 extremam
887 2823 1014 2902 partem
1041 2815 1182 2879 demissa
1208 2816 1285 2898 erit,
1314 2816 1351 2878 in
1372 2815 1419 2877 in·

208 2957 234 2998 ao
252 2936 404 2998 teriorem
425 2940 550 3026 partem
572 2932 638 2998 alia
659 2936 792 3000 recedat
812 2935 909 2999 unius
932 2940 965 2998 et
981 2931 1172 3002 dimidiatae
1186 2934 1288 3021 partis
1311 2933 1419 2998 latitu-

252 3050 339 3115 dine.
383 3049 513 3115 Deinde
532 3052 593 3116 hae
614 3054 721 3119 lineae
744 3053 935 3118 dividantur
953 3053 1016 3135 ita,
1038 3060 1076 3116 ut
1092 3060 1232 3139 quatuor
1252 3059 1365 3136 partes
1387 3059 1419 3114 et

253 3166 389 3231 dimidia
415 3168 476 3235 sub
505 3167 606 3234 abaco
634 3171 876 3257 relinquantur3
905 3179 984 3235 tunc
1007 3171 1043 3232 in
1070 3192 1109 3235 co
1127 3170 1218 3253 loco,
1248 3170 1304 3256 qui
1326 3169 1417 3234 locus

252 3284 373 3351 dividit
389 3295 528 3372 quatuor
548 3296 581 3350 et
603 3265 772 3380 dimidiam
790 3298 822 3382 et
845 3298 912 3354 tres
933 3297 966 3354 et
987 3288 1157 3353 dimidiam
1178 3293 1322 3378 partem,
1346 3310 1418 3352 cen-

250 3389 337 3471 trum
369 3404 456 3470 oculi
485 3409 649 3494 signetur,
682 3407 882 3494 ducaturque
912 3430 955 3472 ex
984 3429 1022 3473 eo
1053 3416 1164 3472 contro
1191 3406 1334 3471 rotunda
1359 3407 1417 3471 cir-

208 3551 234 3590 as
252 3525 372 3589 cinatio
394 3532 462 3587 tam
484 3545 603 3609 magna
624 3525 659 3588 in
682 3525 839 3589 diametro
858 3547 956 3612 quam
974 3545 1138 3611 unapars
1163 3547 1205 3589 ex
1226 3533 1298 3592 octo
1319 3524 1415 3610 parti-

250 3640 312 3704 bus
333 3650 399 3723 est3
420 3662 460 3705 ea
480 3643 541 3706 erit
559 3640 645 3707 oculi
662 3645 870 3728 magnitudo,
893 3653 926 3708 et
948 3646 985 3708 in
1005 3665 1044 3708 ea
1062 3643 1192 3708 catheto
1213 3642 1415 3729 respondens

252 3757 428 3824 diametros
448 3768 574 3844 agatur.
620 3759 713 3824 Tunc
740 3760 784 3825 ab
815 3782 939 3825 summo
967 3761 1028 3828 sub
1051 3761 1154 3827 abaco
1176 3760 1361 3846 inceptum,
1384 3759 1416 3821 in

251 3874 389 3960 singulis
419 3885 597 3940 tetrantum
625 3876 809 3942 actionibus
839 3878 1045 3944 dimidiatum
1072 3877 1160 3942 oculi
1190 3878 1333 3963 spatium
1362 3877 1418 3940 mi·

251 4002 385 4077 nuatur3
423 3994 563 4081 denique
591 3997 627 4059 in
654 3995 792 4061 eundem
821 4004 1011 4079 tetrantem,
1044 3996 1101 4083 qui
1130 4002 1181 4060 est
1213 3994 1273 4059 sub
1303 3993 1414 4073 abaco,

207 4129 234 4172 ao
250 4111 372 4175 veniat.

335 4269 365 4330 7.
389 4264 470 4352 (47.)
494 4265 637 4352 Capituli
657 4275 765 4331 autem
783 4266 965 4332 crassitudo
985 4266 1032 4331 sic
1055 4274 1106 4330 cst
1126 4265 1295 4348 facienda,
1315 4273 1354 4331 ut
1375 4283 1414 4329 ex

250 4399 367 4443 novem
398 4383 547 4467 partibus
579 4391 612 4447 et
647 4384 783 4448 dimidia
813 4393 882 4450 tres
909 4393 1019 4473 partes
1054 4384 1301 4472 praeparabant
1330 4383 1416 4448 infra
