3008 5162
281 443 341 504 162
548 515 550 520 Ι
786 453 944 500 1111111111

277 611 485 676 teneritatem
507 607 736 692 gracilioribus
766 605 921 706 membris
944 605 1104 690 figuratae
1128 605 1264 670 effectus
1285 606 1440 692 recipiunt

277 731 314 793 in
335 737 452 794 ornatu
473 727 689 792 venustiores.
735 727 765 787 9.
790 725 851 810 (9.)
873 724 956 788 Eius
980 732 1090 788 autem
1112 725 1249 810 capituli
1270 726 1373 810 prima
1397 725 1439 785 in-

278 850 390 914 ventio
417 849 465 910 sic
491 853 689 911 memoratur
712 865 784 906 esse
813 843 912 906 facta.
958 843 1060 928 Virgo
1085 843 1168 907 civis
1191 841 1361 907 Corinthia
1381 843 1440 904 ianr

280 975 408 1030 matura
439 965 562 1050 nuptiis
597 961 764 1050 implicata
797 961 909 1026 morbo
943 961 1100 1044 decessit3
1140 969 1214 1048 post
1248 960 1440 1047 sepulturam

250 1085 351 1148 seius
363 1132 372 1166 ,
401 1080 521 1168 quibus
550 1104 589 1144 ea
617 1082 713 1165 virgo
741 1081 820 1145 viva
846 1103 905 1166 pro
933 1077 1036 1144 oculis
1066 1078 1306 1161 delectabatur,
1334 1078 1440 1140 nutrix

279 1199 418 1264 collecta
443 1207 476 1262 et
501 1199 680 1283 composita
701 1199 736 1260 in
758 1195 886 1261 calatho
905 1197 1040 1285 pertulit
1062 1196 1106 1260 ad
1126 1205 1385 1277 monumentum,
1411 1202 1440 1256 et

280 1318 315 1381 in
338 1337 463 1380 summo
486 1314 673 1392 collocavit,
697 1322 743 1396 11,
767 1316 816 1378 uti
836 1315 1261 1401 eapermanerentdiutius
1280 1313 1436 1394 subdivo,

279 1435 392 1520 tegula
413 1433 505 1497 texit.
550 1430 584 1493 Is
605 1430 751 1493 calathus
765 1432 903 1495 fortuitu
920 1455 1019 1518 supra
1034 1432 1165 1496 acanthi
1181 1432 1325 1496 radicem
1341 1431 1438 1494 luerat

282 1532 476 1632 collocatusp
505 1527 635 1611 interim
662 1546 806 1632 pondere
828 1571 942 1633 pressa
970 1550 1067 1614 radix
1088 1549 1219 1613 acanthi
1242 1550 1349 1613 media
1368 1548 1438 1612 solia

240 1693 264 1736 to
283 1679 315 1735 et
336 1665 512 1734 cauliculos
536 1666 659 1728 circum
681 1686 818 1728 vernum
839 1673 966 1750 tempus
990 1667 1153 1753 profudit,
1178 1670 1272 1731 cuius
1296 1664 1439 1730 cauliculi

282 1786 462 1854 secuudum
495 1782 617 1847 calathi
648 1781 753 1844 latera
785 1790 988 1864 crescentes,
1020 1791 1052 1844 11
1084 1783 1125 1856 ab
1155 1785 1286 1868 angulis
1318 1782 1439 1868 tegulae

281 1902 436 1989 ponderis
457 1900 651 1963 necessitate
674 1900 824 1983 expressi
844 1897 988 1962 flexuras
1016 1899 1050 1961 in
1078 1908 1240 1964 extremas
1262 1911 1369 1987 partes
1390 1922 1439 1964 vo-

282 2019 424 2082 lutarum
446 2017 555 2080 facere
578 2023 654 2078 sunt
675 2015 790 2078 coacti.
837 2018 887 2078 10.
912 2012 993 2100 (10.)
1017 2013 1112 2079 Tunc
1133 2014 1351 2080 Callimachus
1359 2018 1440 2102 ‚qni
1500 2081 1501 2090 ¹

281 2129 414 2222 prepter
436 2132 633 2218 elegantiam
655 2139 688 2195 et
709 2130 926 2196 subtilitatem
953 2132 1033 2195 artis
1058 2137 1265 2195 marmoreae
1287 2133 1329 2196 ab
1349 2134 1440 2199 Athe·
1500 2111 1501 2172 3

241 2279 265 2342 ¹⁵.
282 2253 450 2324 niensibus
472 2244 671 2332 κατάτεχνος
693 2249 801 2312 fuerat
821 2249 1024 2332 nominatus,
1045 2252 1246 2335 praeteriens
1264 2248 1440 2312 1111111111-
1500 2222 1501 2256 ³

282 2380 426 2452 mentum
449 2349 681 2433 animadvertit
704 2390 777 2431 eum
800 2365 962 2430 calathum
982 2375 1015 2429 et
1033 2369 1120 2430 circa
1147 2367 1300 2430 foliorum
1315 2388 1440 2429 nascen-

282 2500 348 2555 tem
370 2489 591 2571 teneritatem3
620 2475 863 2574 delectatusque
890 2507 1011 2569 genere
1039 2493 1071 2548 et
1094 2484 1218 2548 formae
1239 2486 1383 2548 novitate
1404 2481 1440 2545 ad
1500 2451 1501 2470 ¹

282 2606 317 2670 id
344 2604 513 2690 exemplar
537 2604 704 2668 columnas
733 2577 827 2688 apud
844 2602 1032 2667 Corinthios
1055 2603 1150 2686 fecit,
1176 2603 1440 2690 'symmetriasque
1494 2591 1500 2648 l

283 2725 468 2804 constituit,
503 2729 536 2785 et
567 2743 609 2786 ex
636 2744 674 2787 eo
702 2723 737 2785 in
765 2703 898 2808 operum
923 2721 1180 2807 perfectionibus
1205 2722 1441 2806 Corinthiige-
1499 2805 1500 2816 ἵ

239 2865 266 2905 ao
283 2841 370 2904 neris
393 2838 562 2903 distribuit
583 2840 738 2904 rationes.
839 2852 842 2858 '

370 3197 418 3258 11.
442 3195 523 3281 (11.)
549 3193 629 3258 Eius
649 3203 758 3258 autem
782 3195 917 3283 capituli
940 3196 1128 3282 symmetria
1151 3196 1198 3258 sic
1221 3204 1271 3258 est
1287 3195 1439 3276 facienda,
1499 3249 1500 3256 ,

283 3313 331 3376 1111
354 3321 476 3398 quanta
496 3311 595 3375 fuerit
617 3312 799 3376 crassitudo
821 3315 905 3377 imao
928 3312 1113 3395 columnae,
1137 3321 1228 3377 tanta
1247 3314 1290 3377 sit
1312 3315 1439 3378 altitudo
1484 3335 1489 3350 ·

283 3430 418 3517 capituli
440 3453 513 3493 curn
537 3428 648 3492 abaco.
693 3429 800 3493 Abaci
825 3430 963 3494 latitudo
991 3431 1037 3493 ita
1058 3431 1178 3496 habeat
1199 3432 1375 3514 rationem,
1397 3441 1437 3514 ut,

283 3553 406 3632 quanta
429 3547 529 3610 luerit
551 3546 705 3628 altitudo,
737 3555 830 3611 tanta
857 3547 907 3612 bis
937 3551 1003 3612 sint
1025 3548 1180 3632 diagonia
1201 3550 1242 3613 ab
1266 3550 1381 3635 angulo
1402 3549 1439 3612 ad

239 3688 266 3728 25
283 3665 456 3749 angulum3
478 3666 584 3750 spatia
610 3666 696 3728 enim
719 3666 764 3727 111
790 3666 878 3728 iusta
900 3665 1069 3730 habebunt
1099 3667 1224 3731 frontes
1247 3689 1437 3754 quoquover·

283 3805 337 3845 sus
356 3779 551 3845 latitudinis.
596 3781 736 3846 Frontes
769 3782 927 3845 simentur
952 3783 1114 3847 introrsus
1142 3785 1184 3849 ab
1215 3789 1368 3850 extremis
1387 3809 1436 3850 an-

281 3901 367 3984 gulis
400 3900 495 3964 abaci
529 3922 607 3964 suae
639 3899 755 3964 frontis
789 3898 973 3964 latitudinis
1007 3925 1103 3967 nona.
1149 3903 1203 3966 Ad
1236 3906 1336 3968 imum
1361 3906 1437 3992 capi·

281 4016 384 4080 tulum
412 4024 537 4082 tantam
569 4017 689 4088 habeat
714 4019 980 4102 crassitudinem,
1012 4030 1168 4108 quantam
1195 4022 1294 4087 habet
1324 4046 1437 4088 summa

280 4134 431 4199 columna
459 4144 590 4221 praeter
617 4134 789 4221 apothesin
815 4145 847 4199 et
874 4136 1085 4223 astragalum.
1130 4139 1237 4203 Abaci
1264 4142 1436 4204 crassitudo

237 4270 263 4310 ao
280 4256 418 4337 septima
446 4252 579 4339 capituli
609 4252 803 4318 altitudinis.
851 4257 899 4318 12.
921 4254 1065 4342 Dempta
1094 4256 1189 4321 abaci
1219 4258 1436 4342 crassitudine,

280 4369 446 4433 dividatur
466 4368 591 4454 reliqua
613 4390 688 4454 pars
712 4371 746 4432 in
766 4380 875 4456 partes
898 4380 982 4452 tres,
1005 4394 1022 4436 e
1045 4371 1164 4458 quibus
1192 4395 1259 4438 una
1280 4374 1345 4438 imo
1366 4375 1435 4442 solio
