3006 5170
241 407 260 470 8
606 463 609 468 ,
749 413 908 463 mranvu

242 551 440 638 contumelia
473 591 607 658 pressae
640 589 764 656 poenas
797 566 942 654 pendere
969 566 1160 633 viderentur
1186 589 1244 654 pro
1272 567 1462 633 civitate.

242 690 323 756 Ideo
347 690 404 777 qui
425 697 505 753 tunc
525 687 696 752 architecti
723 688 874 769 fuerunt,
903 686 1063 751 aedificiis
1092 685 1235 771 puhlicis
1265 687 1458 772 designa-

246 808 365 873 verunt
387 829 498 872 earum
521 807 682 892 imagines
705 807 797 870 oneri
819 803 958 870 ferundo
979 803 1173 887 collocatas,
1195 813 1232 870 ut
1250 805 1359 868 etiam
1380 827 1456 892 po-

245 929 342 992 steris
374 935 452 991 nota
485 947 591 1012 poena
622 925 750 1010 peccati
784 923 976 1012 Caryatium
1008 923 1184 988 memoriae
1222 923 1448 988 traderetur.

217 1072 229 1109 s
246 1051 276 1112 6.
297 1045 372 1112 Non
386 1047 495 1109 minus
512 1043 678 1126 Lacenae,
698 1042 863 1108 Pausania
877 1041 1132 1130 Hegesipclidos
1151 1042 1219 1108 filio
1235 1042 1331 1126 duce,
1351 1042 1450 1106 Pla-

244 1176 337 1232 taeec
367 1163 490 1252 proelio
510 1182 615 1250 pauca
636 1183 736 1230 manu
764 1162 928 1226 infinitum
957 1184 1129 1226 numerum
1153 1162 1319 1226 exercitus
1346 1160 1446 1224 Per-

245 1307 353 1350 sarum
377 1305 449 1348 cum
478 1280 742 1368 superavissent,
776 1289 849 1346 aeto
876 1303 950 1346 cum
974 1280 1080 1366 gloria
1106 1280 1271 1368 triumpho
1301 1279 1444 1366 spolio-

245 1427 317 1470 rum
344 1412 377 1469 et
405 1399 568 1490 praedae,
598 1399 759 1486 porticum
785 1397 953 1462 Persicam
979 1419 1021 1462 ex
1042 1399 1224 1483 manubiis,
1255 1397 1373 1462 laudis
1405 1407 1444 1463 et

244 1523 378 1589 virtutis
401 1519 524 1587 civium
552 1517 710 1600 indicem,
740 1517 899 1582 victoriae
920 1519 1061 1603 posteris
1085 1540 1145 1604 prc
1167 1517 1322 1604 trophaeo
1349 1541 1441 1595 eon-

203 1668 229 1709 10
246 1644 437 1724 stituerunt,
475 1636 589 1723 ibique
619 1636 824 1730 captivorum
844 1634 1019 1700 simulacra
1046 1636 1219 1701 barbarico
1245 1639 1352 1703 vestis
1379 1661 1439 1703 or-

245 1769 341 1842 natu,
364 1757 530 1844 superbia
552 1756 676 1821 meritis
700 1752 907 1817 contumeliis
930 1753 1062 1838 punita,
1083 1756 1280 1820 sustinentia
1298 1765 1439 1834 tectum

247 1876 506 1960 collocaverunt,
535 1877 584 1939 uti
608 1883 641 1939 et
663 1872 775 1936 hostes
796 1870 1023 1936 horrescerent
1050 1875 1166 1940 timore
1196 1896 1307 1942 eorum
1330 1876 1422 1942 fort-

245 1973 370 2060 tudinis
392 1995 518 2078 affecti,
550 2001 582 2057 et
603 1993 693 2056 cives
714 1988 749 2052 id
775 1988 960 2075 exemplum
978 1990 1111 2056 virtutis
1133 1994 1329 2080 aspicientes
1354 1998 1434 2081 glo-

246 2115 297 2177 ria
321 2113 422 2177 erecti
455 2111 498 2176 ad
532 2106 773 2175 defendendam
794 2107 978 2173 libertatem
1005 2119 1116 2176 essent
1143 2115 1260 2197 parati.
1305 2119 1432 2200 Itaque

160 2295 163 2302 ,
207 2257 229 2298 15
247 2255 290 2297 ex
317 2253 355 2297 eo
382 2231 478 2296 multi
513 2236 638 2294 statuas
666 2225 832 2310 Persicas,
861 2228 1060 2294 sustinentes
1083 2229 1237 2316 epistylia
1265 2240 1297 2296 et
1327 2254 1428 2297 orna·
1489 2303 1490 2308 η

245 2357 357 2415 menta
387 2371 517 2433 eorum,
549 2347 809 2430 collocaverunt3
849 2354 882 2410 et
912 2348 959 2412 ita
992 2370 1034 2411 ex
1068 2368 1105 2411 co
1139 2359 1330 2432 argumento
1366 2375 1427 2418 va·

245 2473 381 2538 rietates
414 2471 565 2555 egregias
597 2472 761 2532 auxerunt
793 2465 956 2552 operibus.
997 2465 1080 2530 Item
1111 2474 1187 2532 sunt
1219 2467 1302 2532 aliae
1336 2472 1424 2534 eius-

247 2591 321 2656 dem
354 2590 485 2677 generis
516 2588 690 2668 historiae,
729 2605 867 2671 quarum
901 2585 1051 2648 notitiam
1084 2585 1279 2658 architectos
1308 2595 1424 2652 tenere

247 2714 384 2792 oportet.

205 2971 230 3012 20
336 2945 366 3004 7.
384 2938 444 3026 (8.)
468 2938 681 3025 Philosophia
697 2959 776 3004 vero
789 2939 917 3026 perficit
932 2937 1146 3004 architectum
1163 2941 1273 3005 animo
1289 2963 1419 3027 magno,

247 3067 280 3124 et
299 3059 349 3122 uti
368 3059 496 3122 nonsit
517 3079 695 3144 arrogans,
719 3057 777 3123 sed
800 3059 908 3146 potius
932 3057 1059 3142 facilis,
1083 3081 1224 3147 aequus,
1248 3068 1281 3124 et
1302 3060 1417 3144 fidelis,

249 3178 321 3241 sine
340 3175 494 3258 avaritia,
516 3175 604 3260 quod
619 3184 668 3240 est
682 3178 879 3260 maximum,
902 3177 1029 3241 nullum
1048 3179 1136 3242 enim
1153 3200 1235 3264 opus
1250 3201 1327 3244 vere
1348 3182 1418 3245 sine
1449 3251 1453 3260 y

247 3294 312 3358 fide
336 3301 368 3357 et
390 3293 541 3359 castitate
561 3293 633 3357 fieri
655 3302 778 3379 potest,
809 3315 850 3360 ne
872 3295 915 3358 sit
937 3294 1093 3383 cupidus,
1124 3319 1231 3383 neque
1252 3297 1289 3365 in
1308 3319 1416 3364 mune-

247 3413 341 3480 ribus
363 3411 564 3498 accipiendis
584 3410 705 3476 haheat
728 3413 872 3476 animum
892 3421 1101 3499 occupatum,
1135 3414 1194 3479 sed
1215 3436 1288 3479 cum
1310 3418 1414 3500 gravi-

205 3561 230 3600 n
247 3540 315 3597 tate
344 3551 436 3593 suam
460 3536 590 3594 tueatur
613 3530 825 3615 dignitatem,
855 3530 975 3595 bonam
997 3531 1119 3596 famam
1140 3531 1309 3617 habendo;
1337 3534 1414 3602 haec

249 3650 336 3714 enim
369 3645 577 3735 philosophia
609 3647 815 3733 praeseribit.
869 3648 1045 3714 Praeterea
1076 3649 1117 3714 de
1149 3675 1259 3717 rerum
1290 3663 1411 3739 natura,

155 3819 156 3824 ,
248 3787 333 3853 quae
355 3765 482 3830 Graece
504 3766 707 3848 φυσιολογία
729 3765 865 3852 dicitur,
899 3765 1105 3856 philosophia
1127 3770 1286 3856 explicat,
1320 3791 1410 3856 quam

248 3906 382 3950 necesse
404 3893 454 3948 est
477 3883 656 3949 studiosius
679 3886 828 3968 novisse,
860 3886 948 3972 quod
973 3887 1073 3952 hahet
1099 3888 1218 3952 multas
1247 3896 1279 3952 et
1306 3863 1409 3954 varias

249 4000 414 4068 naturales
439 4003 663 4087 quaestiones,
695 4011 731 4067 ut
758 4005 857 4067 etiam
878 4003 914 4067 in
938 4026 1095 4090 aquarum
1125 4003 1345 4088 ductionibus,
1375 4009 1409 4074 in

205 4144 231 4187 ac
249 4119 399 4184 cursibus
426 4120 513 4183 enim
540 4128 573 4184 et
602 4121 850 4188 circuitionibus
878 4131 910 4186 et
937 4121 1056 4188 librata
1077 4121 1211 4207 planitie
1235 4125 1406 4207 expressio·

249 4236 346 4300 nibus
370 4236 504 4324 spiritus
532 4237 697 4302 naturales
723 4239 819 4306 aliter
846 4249 945 4326 atque
965 4239 1061 4303 aliter
1081 4237 1178 4319 liunt,
1209 4259 1342 4324 quorum
1361 4242 1404 4302 of-

249 4353 454 4420 fensionibus
469 4353 593 4418 mederi
611 4375 706 4418 nemo
727 4358 860 4442 poterit,
884 4357 948 4421 nisi
968 4355 1024 4442 qui
1045 4363 1087 4430 en,
1108 4353 1313 4442 philosophia
1326 4356 1402 4441 prin·
1458 4375 1460 4382 ’
