3028 5164
269 405 329 468 210
771 416 930 463 vmnuvu

268 572 410 636 facimus
431 570 680 649 modulationis3
709 569 819 655 itaque
847 568 1030 633 intervallis
1063 588 1195 632 cacum
1216 575 1386 649 versatur,
1410 575 1449 630 et

162 702 166 712 '
268 689 356 753 unde
378 689 507 753 initium
530 688 610 751 feeit
632 695 665 750 et
686 686 744 751 ubi
773 686 884 768 desiit,
907 694 1042 773 apparet
1065 686 1100 750 in
1125 706 1277 749 sonorum
1299 684 1449 769 patenti-

269 807 331 871 bus
363 805 585 889 finitionibus3
617 805 769 869 mediana
800 811 910 867 autem
939 804 1076 869 latentia
1107 799 1292 869 intervallis
1324 800 1449 866 obscu-

270 932 394 988 rantur.

241 1117 253 1154 5
355 1096 384 1156 3.
408 1091 491 1178 (26.)
518 1091 653 1156 Genera
680 1114 758 1156 vero
791 1100 866 1157 sunt
894 1092 1152 1156 modulationum
1179 1091 1261 1153 tria:
1298 1090 1449 1173 primum

270 1209 358 1296 quod
380 1209 500 1273 Graeci
527 1211 697 1274 nominant
724 1204 910 1294 ἁρμονίαν,
940 1209 1119 1274 secundum
1146 1207 1278 1292 χρῶμα,
1308 1207 1448 1269 tertium

272 1322 439 1390 διάτονον.
485 1327 547 1391 Est
567 1336 676 1391 autem
698 1328 887 1394 harmoniae
908 1325 1087 1392 modulatio
1115 1324 1157 1390 ab
1177 1333 1246 1389 arte
1272 1331 1447 1410 concepta,

272 1453 304 1510 et
336 1468 374 1509 ea
406 1467 441 1509 re
472 1447 615 1509 cantatio
649 1447 719 1510 eius
753 1448 894 1510 maxime
925 1467 1061 1532 gravem
1089 1453 1121 1508 et
1148 1446 1314 1529 egregiam
1342 1441 1449 1506 habet

272 1564 507 1628 auctoritatem.
554 1563 695 1629 Chroma
717 1563 830 1628 subtili
856 1562 1001 1628 sollertia
1028 1585 1066 1629 ac
1094 1563 1269 1629 crebritate
1295 1559 1449 1625 modulo-

231 1708 256 1749 ro
272 1705 344 1747 rum
366 1683 550 1748 suaviorem
570 1681 670 1747 habet
692 1682 951 1747 delectationem.
996 1682 1140 1746 Diatoni·
1156 1703 1252 1765 vero,
1275 1679 1363 1767 quod
1385 1701 1449 1741 na-

273 1800 387 1865 turalis
405 1809 469 1882 est,
501 1801 629 1865 facilior
658 1810 708 1866 est
733 1799 981 1866 intervallorum
1002 1800 1169 1864 distantia.
1216 1797 1296 1884 (27.)
1326 1797 1368 1860 In
1393 1797 1450 1860 his

272 1918 378 1982 tribus
397 1918 573 2001 generibus
596 1917 770 1982 dissimiles
793 1926 869 1981 sunt
890 1917 1169 1982 tetrachordorum
1191 1916 1450 2002 dispositiones3

274 2034 362 2121 quod
387 2034 558 2098 harmonia
581 2034 824 2099 tetrachordum
852 2044 884 2100 et
905 2045 999 2101 tonos
1023 2044 1054 2100 et
1075 2035 1183 2099 dieses
1206 2033 1304 2098 habet
1328 2034 1450 2116 binas3

275 2153 374 2236 diesis
395 2161 503 2216 autem
518 2161 568 2217 est
585 2155 655 2217 toni
668 2176 744 2239 pars
764 2163 900 2242 quarta;
923 2151 969 2219 ita
984 2157 1019 2220 in
1037 2154 1214 2218 hemitonio
1234 2152 1318 2216 duae
1335 2152 1449 2215 dieses

233 2296 258 2335 rs
276 2280 351 2336 sunt
371 2269 557 2336 collocatae.
604 2270 778 2337 Chromate
798 2272 862 2338 duo
882 2273 1060 2339 hemitonia
1079 2276 1115 2337 in
1133 2273 1246 2336 ordine
1266 2279 1342 2334 sunt
1358 2293 1451 2335 com-

275 2391 398 2476 posita,
420 2390 551 2454 tertium
573 2389 673 2454 trium
695 2390 947 2455 hemitoniorum
964 2399 1015 2455 est
1033 2390 1253 2456 intervallum.
1297 2389 1449 2454 Diatono

274 2510 345 2574 toni
367 2509 431 2574 duo
453 2517 530 2573 sunt
548 2509 743 2590 continuati,
765 2509 898 2572 tertium
919 2508 1132 2574 hemitonium
1152 2509 1224 2572 finit
1244 2507 1450 2572 tetrachordi

276 2603 545 2710 magnitudinem.
590 2626 643 2690 Ita
664 2628 699 2691 in
716 2626 821 2690 tribus
838 2628 1013 2712 generibus
1030 2627 1238 2692 tetrachorda
1256 2649 1299 2690 ex
1316 2625 1449 2690 duobus

276 2744 362 2808 tonis
386 2751 418 2806 et
440 2741 616 2809 hemitonio
640 2752 716 2808 sunt
735 2754 951 2831 peraequata3
975 2746 1059 2833 (28.)
1083 2745 1141 2808 sed
1162 2746 1235 2831 ipsa
1255 2766 1330 2808 cum
1353 2765 1451 2830 sepa-
1479 2817 1485 2828 ι

232 2884 259 2925 ro
276 2860 373 2923 ratim
393 2859 649 2946 uniuscuiusque
673 2863 803 2945 generis
825 2861 946 2926 finibus
964 2861 1226 2945 considerantur,
1250 2862 1451 2926 dissimilem

277 2976 399 3040 habent
421 2976 668 3043 intervallorum
691 2977 962 3062 designationem.
1007 2984 1037 3042 4.
1067 2979 1173 3064 Igitur
1201 2979 1376 3045 intervalla
1398 2989 1450 3044 to-

277 3116 393 3159 norum
427 3103 459 3158 et
489 3093 740 3159 hemitoniorum
775 3105 807 3159 et
838 3097 1117 3162 tetrachordorum
1149 3098 1185 3160 in
1216 3120 1296 3164 voce
1330 3096 1452 3161 divisit

277 3219 411 3295 natura,
431 3211 604 3297 finivitque
621 3214 867 3278 terminationes
890 3235 1000 3279 eorum
1016 3217 1178 3280 mensuris
1197 3214 1450 3282 intervallorum

278 3332 476 3418 quantitate,
506 3328 677 3414 modisque
707 3332 804 3394 certis
835 3331 1032 3397 distantibus
1061 3333 1230 3398 constituit
1261 3332 1450 3420 qualitates,

235 3479 261 3518 25
279 3449 397 3536 quibus
420 3450 519 3512 etiam
540 3447 698 3531 artifices,
727 3451 783 3535 qui
806 3470 930 3533 organa
951 3448 1131 3533 fabricant,
1163 3472 1206 3514 ex
1232 3459 1350 3514 natura
1373 3473 1451 3515 con-

280 3567 402 3630 stitutis
430 3564 551 3660 utendo
581 3574 770 3652 comparent
800 3566 843 3630 ad
869 3575 1045 3631 concentus
1077 3569 1309 3633 convenientes
1335 3590 1451 3633 eorum

198 3771 203 3780 ,
278 3685 506 3772 perfectiones.

364 3874 393 3932 5.
417 3869 564 3950 Sonitus,
588 3870 644 3953 qui
658 3843 792 3934 'Graece
813 3865 962 3954 φθόγγοι
991 3870 1160 3954 dicuntur,
1188 3874 1223 3935 in
1251 3895 1450 3960 unoquoquo

280 4009 400 4073 genere
419 3996 494 4050 sunt
516 3987 551 4050 X
570 3995 603 4052 et
624 3987 726 4071 VIII;
752 4010 769 4051 e
792 3989 912 4075 quibus
934 3988 1020 4052 VlII
1041 3999 1117 4054 suut
1139 3991 1174 4054 in
1191 3988 1297 4053 tribus
1320 3992 1451 4074 generi-

246 4105 342 4172 abus
369 4105 520 4190 perpetui
543 4112 575 4167 et
603 4113 744 4189 stantes,
774 4107 893 4192 reliqui
914 4105 963 4190 X,
994 4128 1067 4171 cum
1096 4108 1310 4172 communiter
1334 4107 1450 4170 modu·

280 4221 406 4305 lantur,
440 4230 515 4287 sunt
541 4230 710 4306 vagantes
756 4223 838 4310 (29)
870 4221 999 4288 Stantes
1022 4234 1133 4289 autem
1160 4233 1253 4307 sunt,
1281 4226 1338 4309 qui
1363 4225 1451 4288 inter

280 4338 416 4402 mobiles
437 4347 512 4402 sunt
539 4339 737 4424 interpositi,
768 4343 936 4407 continent
962 4342 1161 4407 tetrachordi
1185 4344 1449 4406 coniunctionem
