<?xml version="1.0" encoding="UTF-8"?>
<!DOCTYPE html PUBLIC "-//W3C//DTD XHTML 1.0 Transitional//EN"
    "http://www.w3.org/TR/xhtml1/DTD/xhtml1-transitional.dtd">
<html xmlns="http://www.w3.org/1999/xhtml" xml:lang="en" lang="en">
 <head>
  <title>
</title>
<meta http-equiv="Content-Type" content="text/html;charset=utf-8" />
  <meta name='ocr-system' content='tesseract 3.04.00' />
  <meta name='ocr-capabilities' content='ocr_page ocr_carea ocr_par ocr_line ocrx_word'/>
</head>
<body>
  <div class='ocr_page' id='page_1' title='image "./marcivitruviipo00loregoog_0136.png"; bbox 0 0 3008 5162; ppageno 0'>
   <div class='ocr_carea' id='block_1_1' title="bbox 293 419 961 482">
    <p class='ocr_par' dir='ltr' id='par_1_1' title="bbox 293 367 1483 570">
     <span class='ocr_line' id='line_1_1' title="bbox 293 419 961 482; baseline -0.024 13"><span class='ocrx_word' id='word_1_1' title='bbox 293 419 352 482; x_wconf 80' lang='lat'><strong>128</strong></span> <span class='ocrx_word' id='word_1_2' title='bbox 803 433 961 482; x_wconf 83' lang='lat' dir='ltr'><strong>vrrauvn</strong></span> 
     </span>
    </p>
   </div>
   <div class='ocr_carea' id='block_1_2' title="bbox 218 587 1483 4372">
    <p class='ocr_par' dir='ltr' id='par_1_2' title="bbox 264 571 1483 1132">
     <span class='ocr_line' id='line_1_2' title="bbox 291 587 1453 678; baseline 0.002 -26"><span class='ocrx_word' id='word_1_3' title='bbox 291 587 510 652; x_wconf 87' lang='lat' dir='ltr'><strong>decussissex.</strong></span> <span class='ocrx_word' id='word_1_4' title='bbox 555 587 664 652; x_wconf 88' lang='lat' dir='ltr'><strong>Huius</strong></span> <span class='ocrx_word' id='word_1_5' title='bbox 694 595 804 652; x_wconf 90' lang='lat' dir='ltr'><strong>autem</strong></span> <span class='ocrx_word' id='word_1_6' title='bbox 832 590 881 654; x_wconf 89' lang='lat' dir='ltr'><strong>rei</strong></span> <span class='ocrx_word' id='word_1_7' title='bbox 910 597 1076 654; x_wconf 77' lang='lat' dir='ltr'><strong>auctorem</strong></span> <span class='ocrx_word' id='word_1_8' title='bbox 1102 591 1303 656; x_wconf 82' lang='lat' dir='ltr'><strong>invenerunt</strong></span> <span class='ocrx_word' id='word_1_9' title='bbox 1330 589 1453 678; x_wconf 80' lang='lat' dir='ltr'><strong>pedem3</strong></span> 
     </span>
     <span class='ocr_line' id='line_1_3' title="bbox 292 703 1483 799; baseline 0.001 -28"><span class='ocrx_word' id='word_1_10' title='bbox 292 729 309 771; x_wconf 92' lang='lat' dir='ltr'><strong>e</strong></span> <span class='ocrx_word' id='word_1_11' title='bbox 330 707 440 772; x_wconf 91' lang='lat' dir='ltr'><strong>cubito</strong></span> <span class='ocrx_word' id='word_1_12' title='bbox 470 707 556 771; x_wconf 91' lang='lat' dir='ltr'><strong>enim</strong></span> <span class='ocrx_word' id='word_1_13' title='bbox 583 729 658 772; x_wconf 92' lang='lat' dir='ltr'><strong>cum</strong></span> <span class='ocrx_word' id='word_1_14' title='bbox 684 706 828 792; x_wconf 84' lang='lat' dir='ltr'><strong>adempti</strong></span> <span class='ocrx_word' id='word_1_15' title='bbox 853 715 929 770; x_wconf 87' lang='lat' dir='ltr'><strong>sunt</strong></span> <span class='ocrx_word' id='word_1_16' title='bbox 952 707 1052 793; x_wconf 91' lang='lat' dir='ltr'><strong>palmi</strong></span> <span class='ocrx_word' id='word_1_17' title='bbox 1076 707 1157 791; x_wconf 90' lang='lat' dir='ltr'><strong>duo,</strong></span> <span class='ocrx_word' id='word_1_18' title='bbox 1185 709 1384 799; x_wconf 78' lang='lat' dir='ltr'><strong>relinquitur</strong></span> <span class='ocrx_word' id='word_1_19' title='bbox 1404 731 1453 796; x_wconf 86' lang='lat' dir='ltr'><strong>pes</strong></span> <span class='ocrx_word' id='word_1_20' title='bbox 1482 703 1483 712; x_wconf 67' lang='grc'>’</span> 
     </span>
     <span class='ocr_line' id='line_1_4' title="bbox 292 823 1454 915; baseline 0 -25"><span class='ocrx_word' id='word_1_21' title='bbox 292 835 432 913; x_wconf 91' lang='lat' dir='ltr'><strong>quatuor</strong></span> <span class='ocrx_word' id='word_1_22' title='bbox 452 825 648 914; x_wconf 89' lang='lat' dir='ltr'><strong>palmorum,</strong></span> <span class='ocrx_word' id='word_1_23' title='bbox 677 823 805 913; x_wconf 91' lang='lat' dir='ltr'><strong>palmus</strong></span> <span class='ocrx_word' id='word_1_24' title='bbox 825 823 940 890; x_wconf 88' lang='lat' dir='ltr'><strong>autem</strong></span> <span class='ocrx_word' id='word_1_25' title='bbox 955 825 1056 894; x_wconf 89' lang='lat' dir='ltr'><strong>habet</strong></span> <span class='ocrx_word' id='word_1_26' title='bbox 1084 838 1225 914; x_wconf 91' lang='lat' dir='ltr'><strong>quatuor</strong></span> <span class='ocrx_word' id='word_1_27' title='bbox 1251 829 1389 915; x_wconf 82' lang='lat' dir='ltr'><strong>digitos3</strong></span> <span class='ocrx_word' id='word_1_28' title='bbox 1416 830 1454 892; x_wconf 89' lang='lat' dir='ltr'><strong>ita</strong></span> 
     </span>
     <span class='ocr_line' id='line_1_5' title="bbox 293 942 1452 1034; baseline 0 -26"><span class='ocrx_word' id='word_1_29' title='bbox 293 944 450 1029; x_wconf 87' lang='lat' dir='ltr'><strong>efficitur,</strong></span> <span class='ocrx_word' id='word_1_30' title='bbox 480 945 530 1009; x_wconf 91' lang='lat' dir='ltr'><strong>uti</strong></span> <span class='ocrx_word' id='word_1_31' title='bbox 563 943 683 1008; x_wconf 90' lang='lat' dir='ltr'><strong>habeat</strong></span> <span class='ocrx_word' id='word_1_32' title='bbox 714 965 771 1029; x_wconf 87' lang='lat' dir='ltr'><strong>pes</strong></span> <span class='ocrx_word' id='word_1_33' title='bbox 806 942 949 1008; x_wconf 83' lang='lat' dir='ltr'><strong>sedecim</strong></span> <span class='ocrx_word' id='word_1_34' title='bbox 981 944 1102 1034; x_wconf 82' lang='lat' dir='ltr'><strong>digitos</strong></span> <span class='ocrx_word' id='word_1_35' title='bbox 1138 955 1171 1011; x_wconf 92' lang='lat' dir='ltr'><strong>et</strong></span> <span class='ocrx_word' id='word_1_36' title='bbox 1201 948 1340 1012; x_wconf 89' lang='lat' dir='ltr'><strong>totidem</strong></span> <span class='ocrx_word' id='word_1_37' title='bbox 1372 969 1452 1010; x_wconf 87' lang='lat' dir='ltr'><strong>asses</strong></span> 
     </span>
     <span class='ocr_line' id='line_1_6' title="bbox 264 1063 626 1132; baseline 0.011 -10"><span class='ocrx_word' id='word_1_38' title='bbox 264 1082 276 1122; x_wconf 87' lang='lat' dir='ltr'><strong>s</strong></span> <span class='ocrx_word' id='word_1_39' title='bbox 293 1065 440 1132; x_wconf 87' lang='lat' dir='ltr'><strong>exactius</strong></span> <span class='ocrx_word' id='word_1_40' title='bbox 462 1063 626 1129; x_wconf 89' lang='lat' dir='ltr'><strong>denarius.</strong></span> 
     </span>
    </p>

    <p class='ocr_par' dir='ltr' id='par_1_3' title="bbox 290 1181 1453 1629">
     <span class='ocr_line' id='line_1_7' title="bbox 376 1181 1453 1268; baseline -0.004 -20"><span class='ocrx_word' id='word_1_41' title='bbox 376 1187 407 1248; x_wconf 86' lang='grc'><strong>9.</strong></span> <span class='ocrx_word' id='word_1_42' title='bbox 432 1183 514 1268; x_wconf 85' lang='grc'>(15.)</span> <span class='ocrx_word' id='word_1_43' title='bbox 538 1181 628 1268; x_wconf 85' lang='lat' dir='ltr'><strong>Ergo</strong></span> <span class='ocrx_word' id='word_1_44' title='bbox 656 1182 685 1247; x_wconf 91' lang='lat' dir='ltr'><strong>si</strong></span> <span class='ocrx_word' id='word_1_45' title='bbox 715 1183 886 1266; x_wconf 85' lang='lat' dir='ltr'><strong>convenit,</strong></span> <span class='ocrx_word' id='word_1_46' title='bbox 916 1205 959 1249; x_wconf 85' lang='lat' dir='ltr'><strong>ex</strong></span> <span class='ocrx_word' id='word_1_47' title='bbox 974 1182 1120 1248; x_wconf 83' lang='lat' dir='ltr'><strong>articulis</strong></span> <span class='ocrx_word' id='word_1_48' title='bbox 1136 1184 1277 1250; x_wconf 89' lang='lat' dir='ltr'><strong>hominis</strong></span> <span class='ocrx_word' id='word_1_49' title='bbox 1292 1205 1453 1250; x_wconf 88' lang='lat' dir='ltr'><strong>numerum</strong></span> 
     </span>
     <span class='ocr_line' id='line_1_8' title="bbox 292 1299 1451 1396; baseline -0.004 -28"><span class='ocrx_word' id='word_1_50' title='bbox 292 1304 462 1396; x_wconf 83' lang='lat' dir='ltr'><strong>inventum</strong></span> <span class='ocrx_word' id='word_1_51' title='bbox 490 1299 577 1385; x_wconf 83' lang='lat' dir='ltr'><strong>esse,</strong></span> <span class='ocrx_word' id='word_1_52' title='bbox 608 1311 640 1366; x_wconf 89' lang='lat' dir='ltr'><strong>et</strong></span> <span class='ocrx_word' id='word_1_53' title='bbox 667 1323 709 1366; x_wconf 90' lang='lat' dir='ltr'><strong>ex</strong></span> <span class='ocrx_word' id='word_1_54' title='bbox 736 1299 890 1366; x_wconf 87' lang='lat' dir='ltr'><strong>membris</strong></span> <span class='ocrx_word' id='word_1_55' title='bbox 917 1303 1077 1388; x_wconf 88' lang='lat' dir='ltr'><strong>separatis</strong></span> <span class='ocrx_word' id='word_1_56' title='bbox 1106 1301 1150 1366; x_wconf 86' lang='lat' dir='ltr'><strong>ad</strong></span> <span class='ocrx_word' id='word_1_57' title='bbox 1176 1303 1368 1368; x_wconf 88' lang='lat' dir='ltr'><strong>universam</strong></span> <span class='ocrx_word' id='word_1_58' title='bbox 1392 1323 1451 1364; x_wconf 87' lang='lat' dir='ltr'><strong>cor·</strong></span> 
     </span>
     <span class='ocr_line' id='line_1_9' title="bbox 290 1419 1451 1510; baseline -0.004 -24"><span class='ocrx_word' id='word_1_59' title='bbox 290 1423 380 1510; x_wconf 90' lang='lat' dir='ltr'><strong>poris</strong></span> <span class='ocrx_word' id='word_1_60' title='bbox 404 1423 545 1509; x_wconf 89' lang='lat' dir='ltr'><strong>speciem</strong></span> <span class='ocrx_word' id='word_1_61' title='bbox 563 1427 654 1486; x_wconf 88' lang='lat' dir='ltr'><strong>ratae</strong></span> <span class='ocrx_word' id='word_1_62' title='bbox 675 1420 779 1505; x_wconf 88' lang='lat' dir='ltr'><strong>partis</strong></span> <span class='ocrx_word' id='word_1_63' title='bbox 801 1442 1006 1486; x_wconf 79' lang='lat' dir='ltr'><strong>commensus</strong></span> <span class='ocrx_word' id='word_1_64' title='bbox 1028 1421 1101 1486; x_wconf 82' lang='lat' dir='ltr'><strong>lieri</strong></span> <span class='ocrx_word' id='word_1_65' title='bbox 1127 1443 1335 1508; x_wconf 83' lang='lat' dir='ltr'><strong>responsum,</strong></span> <span class='ocrx_word' id='word_1_66' title='bbox 1366 1419 1451 1485; x_wconf 91' lang='lat' dir='ltr'><strong>relin-</strong></span> 
     </span>
     <span class='ocr_line' id='line_1_10' title="bbox 291 1539 1450 1629; baseline -0.004 -23"><span class='ocrx_word' id='word_1_67' title='bbox 291 1543 417 1629; x_wconf 83' lang='lat' dir='ltr'><strong>quitur,</strong></span> <span class='ocrx_word' id='word_1_68' title='bbox 447 1550 484 1604; x_wconf 91' lang='lat' dir='ltr'><strong>ut</strong></span> <span class='ocrx_word' id='word_1_69' title='bbox 511 1541 728 1626; x_wconf 85' lang='lat' dir='ltr'><strong>suspiciamus</strong></span> <span class='ocrx_word' id='word_1_70' title='bbox 752 1562 822 1623; x_wconf 85' lang='lat' dir='ltr'><strong>eos,</strong></span> <span class='ocrx_word' id='word_1_71' title='bbox 852 1539 908 1626; x_wconf 91' lang='lat' dir='ltr'><strong>qui</strong></span> <span class='ocrx_word' id='word_1_72' title='bbox 930 1541 1029 1604; x_wconf 89' lang='lat' dir='ltr'><strong>etiam</strong></span> <span class='ocrx_word' id='word_1_73' title='bbox 1052 1539 1150 1604; x_wconf 79' lang='lat' dir='ltr'><strong>aedes</strong></span> <span class='ocrx_word' id='word_1_74' title='bbox 1176 1539 1310 1604; x_wconf 89' lang='lat' dir='ltr'><strong>deorum</strong></span> <span class='ocrx_word' id='word_1_75' title='bbox 1333 1539 1450 1602; x_wconf 90' lang='lat' dir='ltr'><strong>immor·</strong></span> 
     </span>
    </p>

    <p class='ocr_par' dir='ltr' id='par_1_4' title="bbox 218 1655 1451 2678">
     <span class='ocr_line' id='line_1_11' title="bbox 250 1655 1451 1744; baseline -0.008 -19"><span class='ocrx_word' id='word_1_76' title='bbox 250 1678 276 1718; x_wconf 87' lang='lat'><strong>1⁰</strong></span> <span class='ocrx_word' id='word_1_77' title='bbox 290 1659 405 1726; x_wconf 89' lang='lat' dir='ltr'><strong>talium</strong></span> <span class='ocrx_word' id='word_1_78' title='bbox 436 1661 670 1725; x_wconf 90' lang='lat' dir='ltr'><strong>constituentes</strong></span> <span class='ocrx_word' id='word_1_79' title='bbox 710 1661 757 1723; x_wconf 90' lang='lat' dir='ltr'><strong>ita</strong></span> <span class='ocrx_word' id='word_1_80' title='bbox 795 1655 942 1722; x_wconf 90' lang='lat' dir='ltr'><strong>membra</strong></span> <span class='ocrx_word' id='word_1_81' title='bbox 972 1679 1107 1744; x_wconf 89' lang='lat' dir='ltr'><strong>operum</strong></span> <span class='ocrx_word' id='word_1_82' title='bbox 1137 1657 1390 1740; x_wconf 84' lang='lat' dir='ltr'><strong>ordinaverunt,</strong></span> <span class='ocrx_word' id='word_1_83' title='bbox 1422 1663 1451 1716; x_wconf 88' lang='lat' dir='ltr'><strong>ut</strong></span> 
     </span>
     <span class='ocr_line' id='line_1_12' title="bbox 291 1778 1450 1867; baseline -0.006 -23"><span class='ocrx_word' id='word_1_84' title='bbox 291 1778 553 1867; x_wconf 87' lang='lat' dir='ltr'><strong>proportionibus</strong></span> <span class='ocrx_word' id='word_1_85' title='bbox 582 1787 613 1842; x_wconf 87' lang='lat' dir='ltr'><strong>et</strong></span> <span class='ocrx_word' id='word_1_86' title='bbox 642 1779 838 1866; x_wconf 85' lang='lat' dir='ltr'><strong>symmetriis</strong></span> <span class='ocrx_word' id='word_1_87' title='bbox 866 1785 1037 1864; x_wconf 87' lang='lat' dir='ltr'><strong>separatae</strong></span> <span class='ocrx_word' id='word_1_88' title='bbox 1067 1784 1164 1865; x_wconf 87' lang='lat' dir='ltr'><strong>atque</strong></span> <span class='ocrx_word' id='word_1_89' title='bbox 1187 1778 1364 1844; x_wconf 89' lang='lat' dir='ltr'><strong>universae</strong></span> <span class='ocrx_word' id='word_1_90' title='bbox 1386 1796 1450 1839; x_wconf 86' lang='lat' dir='ltr'><strong>con·</strong></span> 
     </span>
     <span class='ocr_line' id='line_1_13' title="bbox 291 1897 1100 1965; baseline -0.004 -3"><span class='ocrx_word' id='word_1_91' title='bbox 291 1897 460 1962; x_wconf 86' lang='lat' dir='ltr'><strong>venientes</strong></span> <span class='ocrx_word' id='word_1_92' title='bbox 483 1898 690 1964; x_wconf 84' lang='lat' dir='ltr'><strong>efficerentur</strong></span> <span class='ocrx_word' id='word_1_93' title='bbox 709 1920 821 1965; x_wconf 87' lang='lat' dir='ltr'><strong>eorum</strong></span> <span class='ocrx_word' id='word_1_94' title='bbox 842 1897 1100 1965; x_wconf 88' lang='lat' dir='ltr'><strong>distributiones.</strong></span> 
     </span>
     <span class='ocr_line' id='line_1_14' title="bbox 744 2032 1021 2098; baseline -0.007 0"><span class='ocrx_word' id='word_1_95' title='bbox 744 2034 853 2098; x_wconf 87' lang='lat' dir='ltr'><strong>oAP</strong></span> <span class='ocrx_word' id='word_1_96' title='bbox 865 2033 938 2098; x_wconf 83' lang='lat' dir='ltr'><strong>UT</strong></span> <span class='ocrx_word' id='word_1_97' title='bbox 975 2032 1021 2097; x_wconf 93' lang='grc' dir='ltr'><strong>ΙΙ.</strong></span> 
     </span>
     <span class='ocr_line' id='line_1_15' title="bbox 270 2133 1448 2223; baseline -0.011 -18"><span class='ocrx_word' id='word_1_98' title='bbox 270 2201 272 2205; x_wconf 89' lang='grc'>.</span> <span class='ocrx_word' id='word_1_99' title='bbox 379 2138 405 2196; x_wconf 93' lang='grc'><strong>1.</strong></span> <span class='ocrx_word' id='word_1_100' title='bbox 431 2135 512 2222; x_wconf 90' lang='grc'>(16.)</span> <span class='ocrx_word' id='word_1_101' title='bbox 534 2135 677 2200; x_wconf 89' lang='lat' dir='ltr'><strong>Aedium</strong></span> <span class='ocrx_word' id='word_1_102' title='bbox 704 2144 812 2202; x_wconf 90' lang='lat' dir='ltr'><strong>autem</strong></span> <span class='ocrx_word' id='word_1_103' title='bbox 836 2135 998 2223; x_wconf 87' lang='lat' dir='ltr'><strong>principia</strong></span> <span class='ocrx_word' id='word_1_104' title='bbox 1022 2143 1115 2214; x_wconf 84' lang='lat' dir='ltr'><strong>suut,</strong></span> <span class='ocrx_word' id='word_1_105' title='bbox 1146 2133 1307 2220; x_wconf 88' lang='lat' dir='ltr'><strong>equibus</strong></span> <span class='ocrx_word' id='word_1_106' title='bbox 1334 2137 1448 2202; x_wconf 83' lang='lat' dir='ltr'><strong>constat</strong></span> 
     </span>
     <span class='ocr_line' id='line_1_16' title="bbox 252 2241 1448 2342; baseline -0.003 -27"><span class='ocrx_word' id='word_1_107' title='bbox 252 2269 276 2311; x_wconf 83' lang='lat' dir='ltr'><strong>u</strong></span> <span class='ocrx_word' id='word_1_108' title='bbox 290 2252 467 2338; x_wconf 89' lang='lat' dir='ltr'><strong>figurarum</strong></span> <span class='ocrx_word' id='word_1_109' title='bbox 487 2263 655 2342; x_wconf 80' lang='lat' dir='ltr'><strong>aspectus3</strong></span> <span class='ocrx_word' id='word_1_110' title='bbox 679 2263 710 2319; x_wconf 85' lang='lat' dir='ltr'><strong>et</strong></span> <span class='ocrx_word' id='word_1_111' title='bbox 730 2255 871 2342; x_wconf 90' lang='lat' dir='ltr'><strong>primum</strong></span> <span class='ocrx_word' id='word_1_112' title='bbox 891 2258 923 2318; x_wconf 81' lang='lat' dir='ltr'><strong>ta</strong></span> <span class='ocrx_word' id='word_1_113' title='bbox 938 2257 1037 2334; x_wconf 81' lang='lat' dir='ltr'><strong>uatis,</strong></span> <span class='ocrx_word' id='word_1_114' title='bbox 1062 2251 1151 2340; x_wconf 91' lang='lat' dir='ltr'><strong>quod</strong></span> <span class='ocrx_word' id='word_1_115' title='bbox 1173 2251 1300 2316; x_wconf 79' lang='lat' dir='ltr'><strong>Graece</strong></span> <span class='ocrx_word' id='word_1_116' title='bbox 1322 2244 1400 2325; x_wconf 83' lang='grc' dir='ltr'><strong><em>ναὸς</em></strong></span> <span class='ocrx_word' id='word_1_117' title='bbox 1417 2241 1448 2311; x_wconf 79' lang='grc' dir='ltr'><strong>ἒν</strong></span> 
     </span>
     <span class='ocr_line' id='line_1_17' title="bbox 292 2367 1445 2458; baseline -0.007 -22"><span class='ocrx_word' id='word_1_118' title='bbox 292 2367 480 2458; x_wconf 69' lang='lat' dir='ltr'><strong>capadociae</strong></span> <span class='ocrx_word' id='word_1_119' title='bbox 503 2374 637 2457; x_wconf 90' lang='lat' dir='ltr'><strong>dicitur,</strong></span> <span class='ocrx_word' id='word_1_120' title='bbox 668 2373 786 2438; x_wconf 89' lang='lat' dir='ltr'><strong>deinde</strong></span> <span class='ocrx_word' id='word_1_121' title='bbox 813 2376 988 2456; x_wconf 71' lang='lat' dir='ltr'><strong>prostylos,</strong></span> <span class='ocrx_word' id='word_1_122' title='bbox 1016 2372 1297 2454; x_wconf 75' lang='lat' dir='ltr'><strong>amphiprostylos,</strong></span> <span class='ocrx_word' id='word_1_123' title='bbox 1325 2373 1445 2453; x_wconf 84' lang='lat' dir='ltr'><strong>peripte-</strong></span> 
     </span>
     <span class='ocr_line' id='line_1_18' title="bbox 218 2469 1445 2577; baseline -0.004 -23"><span class='ocrx_word' id='word_1_124' title='bbox 218 2469 220 2474; x_wconf 30' lang='lat'>¹</span> <span class='ocrx_word' id='word_1_125' title='bbox 291 2513 363 2572; x_wconf 82' lang='lat' dir='ltr'><strong>ros,</strong></span> <span class='ocrx_word' id='word_1_126' title='bbox 395 2477 673 2576; x_wconf 73' lang='lat' dir='ltr'><strong>pseudodipteros,</strong></span> <span class='ocrx_word' id='word_1_127' title='bbox 698 2496 856 2576; x_wconf 79' lang='lat' dir='ltr'><strong>dipteros,</strong></span> <span class='ocrx_word' id='word_1_128' title='bbox 884 2493 1082 2575; x_wconf 72' lang='lat' dir='ltr'><strong>hypaethroe</strong></span> <span class='ocrx_word' id='word_1_129' title='bbox 1128 2489 1254 2554; x_wconf 92' lang='lat' dir='ltr'><strong>Horum</strong></span> <span class='ocrx_word' id='word_1_130' title='bbox 1274 2491 1445 2577; x_wconf 86' lang='lat' dir='ltr'><strong>exprimun-</strong></span> 
     </span>
     <span class='ocr_line' id='line_1_19' title="bbox 291 2609 865 2678; baseline 0.003 -6"><span class='ocrx_word' id='word_1_131' title='bbox 291 2618 344 2673; x_wconf 87' lang='lat' dir='ltr'><strong>tur</strong></span> <span class='ocrx_word' id='word_1_132' title='bbox 363 2609 575 2678; x_wconf 87' lang='lat' dir='ltr'><strong>formationes</strong></span> <span class='ocrx_word' id='word_1_133' title='bbox 597 2611 649 2678; x_wconf 88' lang='lat' dir='ltr'><strong>his</strong></span> <span class='ocrx_word' id='word_1_134' title='bbox 671 2610 865 2676; x_wconf 90' lang='lat' dir='ltr'><strong>rationibus.</strong></span> 
     </span>
    </p>

    <p class='ocr_par' dir='ltr' id='par_1_5' title="bbox 377 2727 1446 2814">
     <span class='ocr_line' id='line_1_20' title="bbox 377 2727 1446 2814; baseline -0.002 -22"><span class='ocrx_word' id='word_1_135' title='bbox 377 2732 406 2793; x_wconf 82' lang='lat'><strong>2.</strong></span> <span class='ocrx_word' id='word_1_136' title='bbox 439 2731 477 2796; x_wconf 83' lang='lat' dir='ltr'><strong>la</strong></span> <span class='ocrx_word' id='word_1_137' title='bbox 503 2733 587 2794; x_wconf 80' lang='lat' dir='ltr'><strong>antis</strong></span> <span class='ocrx_word' id='word_1_138' title='bbox 614 2731 676 2796; x_wconf 90' lang='lat' dir='ltr'><strong>erit</strong></span> <span class='ocrx_word' id='word_1_139' title='bbox 703 2729 818 2814; x_wconf 84' lang='lat' dir='ltr'><strong>aedes,</strong></span> <span class='ocrx_word' id='word_1_140' title='bbox 844 2752 918 2803; x_wconf 88' lang='lat' dir='ltr'><strong>cum</strong></span> <span class='ocrx_word' id='word_1_141' title='bbox 944 2728 1079 2795; x_wconf 89' lang='lat' dir='ltr'><strong>habebit</strong></span> <span class='ocrx_word' id='word_1_142' title='bbox 1105 2728 1140 2795; x_wconf 88' lang='lat' dir='ltr'><strong>iu</strong></span> <span class='ocrx_word' id='word_1_143' title='bbox 1162 2727 1270 2794; x_wconf 90' lang='lat' dir='ltr'><strong>fronte</strong></span> <span class='ocrx_word' id='word_1_144' title='bbox 1289 2735 1382 2792; x_wconf 88' lang='lat' dir='ltr'><strong>antas</strong></span> <span class='ocrx_word' id='word_1_145' title='bbox 1402 2743 1446 2810; x_wconf 83' lang='lat' dir='ltr'><strong>pa·</strong></span> 
     </span>
    </p>

    <p class='ocr_par' dir='ltr' id='par_1_6' title="bbox 248 2840 1483 3384">
     <span class='ocr_line' id='line_1_21' title="bbox 248 2840 1446 2933; baseline -0.006 -21"><span class='ocrx_word' id='word_1_146' title='bbox 248 2847 424 2929; x_wconf 78' lang='lat' dir='ltr'><strong>arietum,</strong></span> <span class='ocrx_word' id='word_1_147' title='bbox 457 2848 513 2933; x_wconf 89' lang='lat' dir='ltr'><strong>qui</strong></span> <span class='ocrx_word' id='word_1_148' title='bbox 541 2847 657 2912; x_wconf 87' lang='lat' dir='ltr'><strong>cellam</strong></span> <span class='ocrx_word' id='word_1_149' title='bbox 685 2847 958 2930; x_wconf 86' lang='lat' dir='ltr'><strong>circumcludunt,</strong></span> <span class='ocrx_word' id='word_1_150' title='bbox 993 2855 1026 2914; x_wconf 89' lang='lat' dir='ltr'><strong>et</strong></span> <span class='ocrx_word' id='word_1_151' title='bbox 1051 2849 1137 2912; x_wconf 90' lang='lat' dir='ltr'><strong>inter</strong></span> <span class='ocrx_word' id='word_1_152' title='bbox 1165 2855 1258 2912; x_wconf 88' lang='lat' dir='ltr'><strong>antas</strong></span> <span class='ocrx_word' id='word_1_153' title='bbox 1287 2849 1323 2910; x_wconf 93' lang='lat' dir='ltr'><strong>in</strong></span> <span class='ocrx_word' id='word_1_154' title='bbox 1354 2840 1446 2908; x_wconf 89' lang='lat' dir='ltr'><strong>medio</strong></span> 
     </span>
     <span class='ocr_line' id='line_1_22' title="bbox 292 2963 1483 3054; baseline 0.011 -28"><span class='ocrx_word' id='word_1_155' title='bbox 292 2963 459 3028; x_wconf 89' lang='lat' dir='ltr'><strong>columnas</strong></span> <span class='ocrx_word' id='word_1_156' title='bbox 482 2965 578 3048; x_wconf 84' lang='lat' dir='ltr'><strong>duas,</strong></span> <span class='ocrx_word' id='word_1_157' title='bbox 603 2988 766 3053; x_wconf 89' lang='lat' dir='ltr'><strong>supraque</strong></span> <span class='ocrx_word' id='word_1_158' title='bbox 789 2967 960 3054; x_wconf 86' lang='lat' dir='ltr'><strong>fastigium</strong></span> <span class='ocrx_word' id='word_1_159' title='bbox 982 2965 1171 3052; x_wconf 85' lang='lat' dir='ltr'><strong>symmetria</strong></span> <span class='ocrx_word' id='word_1_160' title='bbox 1195 2987 1234 3030; x_wconf 88' lang='lat' dir='ltr'><strong>aa</strong></span> <span class='ocrx_word' id='word_1_161' title='bbox 1255 2964 1446 3038; x_wconf 81' lang='lat' dir='ltr'><strong>collocatum</strong></span> <span class='ocrx_word' id='word_1_162' title='bbox 1482 3037 1483 3040; x_wconf 73' lang='grc'>,</span> 
     </span>
     <span class='ocr_line' id='line_1_23' title="bbox 292 3079 1447 3173; baseline -0.001 -29"><span class='ocrx_word' id='word_1_163' title='bbox 292 3103 376 3168; x_wconf 88' lang='lat' dir='ltr'><strong>quae</strong></span> <span class='ocrx_word' id='word_1_164' title='bbox 402 3083 438 3147; x_wconf 92' lang='lat' dir='ltr'><strong>in</strong></span> <span class='ocrx_word' id='word_1_165' title='bbox 465 3082 526 3147; x_wconf 90' lang='lat' dir='ltr'><strong>hoo</strong></span> <span class='ocrx_word' id='word_1_166' title='bbox 554 3082 638 3150; x_wconf 91' lang='lat' dir='ltr'><strong>libro</strong></span> <span class='ocrx_word' id='word_1_167' title='bbox 665 3085 765 3150; x_wconf 81' lang='lat' dir='ltr'><strong>fuerit</strong></span> <span class='ocrx_word' id='word_1_168' title='bbox 793 3087 986 3173; x_wconf 87' lang='lat' dir='ltr'><strong>perscripta.</strong></span> <span class='ocrx_word' id='word_1_169' title='bbox 1031 3085 1139 3149; x_wconf 92' lang='lat' dir='ltr'><strong>Huius</strong></span> <span class='ocrx_word' id='word_1_170' title='bbox 1162 3092 1272 3148; x_wconf 90' lang='lat' dir='ltr'><strong>autem</strong></span> <span class='ocrx_word' id='word_1_171' title='bbox 1295 3079 1447 3167; x_wconf 83' lang='lat' dir='ltr'><strong>exemplar</strong></span> 
     </span>
     <span class='ocr_line' id='line_1_24' title="bbox 293 3201 1447 3292; baseline 0.001 -29"><span class='ocrx_word' id='word_1_172' title='bbox 293 3201 354 3264; x_wconf 92' lang='lat' dir='ltr'><strong>erit</strong></span> <span class='ocrx_word' id='word_1_173' title='bbox 384 3201 426 3265; x_wconf 92' lang='lat' dir='ltr'><strong>ad</strong></span> <span class='ocrx_word' id='word_1_174' title='bbox 452 3211 518 3266; x_wconf 91' lang='lat' dir='ltr'><strong>tres</strong></span> <span class='ocrx_word' id='word_1_175' title='bbox 538 3203 718 3289; x_wconf 85' lang='lat' dir='ltr'><strong>Fortunas,</strong></span> <span class='ocrx_word' id='word_1_176' title='bbox 747 3228 790 3270; x_wconf 86' lang='lat' dir='ltr'><strong>ex</strong></span> <span class='ocrx_word' id='word_1_177' title='bbox 816 3205 939 3289; x_wconf 91' lang='lat' dir='ltr'><strong>tribus,</strong></span> <span class='ocrx_word' id='word_1_178' title='bbox 966 3204 1054 3292; x_wconf 91' lang='lat' dir='ltr'><strong>quod</strong></span> <span class='ocrx_word' id='word_1_179' title='bbox 1085 3212 1135 3268; x_wconf 89' lang='lat' dir='ltr'><strong>est</strong></span> <span class='ocrx_word' id='word_1_180' title='bbox 1162 3204 1313 3290; x_wconf 87' lang='lat' dir='ltr'><strong>proxime</strong></span> <span class='ocrx_word' id='word_1_181' title='bbox 1334 3208 1447 3288; x_wconf 80' lang='lat' dir='ltr'><strong>portam</strong></span> 
     </span>
     <span class='ocr_line' id='line_1_25' title="bbox 293 3317 1483 3384; baseline 0.003 -2"><span class='ocrx_word' id='word_1_182' title='bbox 293 3317 466 3384; x_wconf 80' lang='lat' dir='ltr'><strong>Collinam.</strong></span> <span class='ocrx_word' id='word_1_183' title='bbox 569 3376 572 3381; x_wconf 95' lang='lat'><em>.</em></span> <span class='ocrx_word' id='word_1_184' title='bbox 1482 3321 1483 3356; x_wconf 61' lang='lat'>¹</span> 
     </span>
    </p>

    <p class='ocr_par' dir='ltr' id='par_1_7' title="bbox 247 3367 1483 3979">
     <span class='ocr_line' id='line_1_26' title="bbox 247 3435 1445 3528; baseline -0.008 -24"><span class='ocrx_word' id='word_1_185' title='bbox 247 3454 273 3494; x_wconf 81' lang='lat'><strong>²⁵</strong></span> <span class='ocrx_word' id='word_1_186' title='bbox 377 3442 407 3505; x_wconf 88' lang='lat'><strong>3.</strong></span> <span class='ocrx_word' id='word_1_187' title='bbox 432 3438 513 3526; x_wconf 82' lang='lat'>(17.)</span> <span class='ocrx_word' id='word_1_188' title='bbox 546 3441 708 3523; x_wconf 71' lang='lat' dir='ltr'><strong>Prostylos</strong></span> <span class='ocrx_word' id='word_1_189' title='bbox 740 3444 849 3510; x_wconf 90' lang='lat' dir='ltr'><strong>omnia</strong></span> <span class='ocrx_word' id='word_1_190' title='bbox 875 3440 975 3508; x_wconf 87' lang='lat' dir='ltr'><strong>habet</strong></span> <span class='ocrx_word' id='word_1_191' title='bbox 1002 3439 1275 3528; x_wconf 86' lang='lat' dir='ltr'><strong>quemadmodum</strong></span> <span class='ocrx_word' id='word_1_192' title='bbox 1304 3441 1338 3502; x_wconf 77' lang='lat' dir='ltr'><strong>ia</strong></span> <span class='ocrx_word' id='word_1_193' title='bbox 1366 3435 1445 3506; x_wconf 82' lang='lat' dir='ltr'><strong>catis,</strong></span> 
     </span>
     <span class='ocr_line' id='line_1_27' title="bbox 292 3549 1445 3645; baseline -0.002 -25"><span class='ocrx_word' id='word_1_194' title='bbox 292 3557 460 3622; x_wconf 88' lang='lat' dir='ltr'><strong>columnas</strong></span> <span class='ocrx_word' id='word_1_195' title='bbox 483 3566 593 3624; x_wconf 89' lang='lat' dir='ltr'><strong>autem</strong></span> <span class='ocrx_word' id='word_1_196' title='bbox 616 3566 729 3623; x_wconf 91' lang='lat' dir='ltr'><strong>contra</strong></span> <span class='ocrx_word' id='word_1_197' title='bbox 758 3567 851 3624; x_wconf 87' lang='lat' dir='ltr'><strong>antas</strong></span> <span class='ocrx_word' id='word_1_198' title='bbox 879 3559 1052 3644; x_wconf 83' lang='lat' dir='ltr'><strong>angulares</strong></span> <span class='ocrx_word' id='word_1_199' title='bbox 1081 3559 1179 3641; x_wconf 87' lang='lat' dir='ltr'><strong>duas,</strong></span> <span class='ocrx_word' id='word_1_200' title='bbox 1209 3577 1372 3645; x_wconf 89' lang='lat' dir='ltr'><strong>supraque</strong></span> <span class='ocrx_word' id='word_1_201' title='bbox 1391 3549 1445 3638; x_wconf 85' lang='lat' dir='ltr'><strong>epi·</strong></span> 
     </span>
     <span class='ocr_line' id='line_1_28' title="bbox 292 3675 1444 3762; baseline -0.007 -23"><span class='ocrx_word' id='word_1_202' title='bbox 292 3675 392 3761; x_wconf 89' lang='lat' dir='ltr'><strong>stylia</strong></span> <span class='ocrx_word' id='word_1_203' title='bbox 411 3676 685 3762; x_wconf 88' lang='lat' dir='ltr'><strong>quemadmodum</strong></span> <span class='ocrx_word' id='word_1_204' title='bbox 707 3685 739 3743; x_wconf 92' lang='lat' dir='ltr'><strong>et</strong></span> <span class='ocrx_word' id='word_1_205' title='bbox 759 3681 792 3742; x_wconf 82' lang='lat' dir='ltr'><strong>ia</strong></span> <span class='ocrx_word' id='word_1_206' title='bbox 814 3682 913 3758; x_wconf 80' lang='lat' dir='ltr'><strong>uatis,</strong></span> <span class='ocrx_word' id='word_1_207' title='bbox 938 3687 971 3744; x_wconf 91' lang='lat' dir='ltr'><strong>et</strong></span> <span class='ocrx_word' id='word_1_208' title='bbox 992 3678 1108 3745; x_wconf 85' lang='lat' dir='ltr'><strong>dextra</strong></span> <span class='ocrx_word' id='word_1_209' title='bbox 1125 3699 1164 3744; x_wconf 89' lang='lat' dir='ltr'><strong>ac</strong></span> <span class='ocrx_word' id='word_1_210' title='bbox 1183 3677 1318 3742; x_wconf 88' lang='lat' dir='ltr'><strong>sinistra</strong></span> <span class='ocrx_word' id='word_1_211' title='bbox 1336 3676 1370 3738; x_wconf 90' lang='lat' dir='ltr'><strong>in</strong></span> <span class='ocrx_word' id='word_1_212' title='bbox 1386 3690 1444 3736; x_wconf 87' lang='lat' dir='ltr'><strong>ver·</strong></span> 
     </span>
     <span class='ocr_line' id='line_1_29' title="bbox 293 3786 1445 3883; baseline -0.005 -25"><span class='ocrx_word' id='word_1_213' title='bbox 293 3796 377 3859; x_wconf 91' lang='lat' dir='ltr'><strong>suris</strong></span> <span class='ocrx_word' id='word_1_214' title='bbox 399 3797 539 3880; x_wconf 88' lang='lat' dir='ltr'><strong>singula.</strong></span> <span class='ocrx_word' id='word_1_215' title='bbox 583 3795 691 3862; x_wconf 89' lang='lat' dir='ltr'><strong>Huius</strong></span> <span class='ocrx_word' id='word_1_216' title='bbox 715 3795 883 3883; x_wconf 87' lang='lat' dir='ltr'><strong>exemplar</strong></span> <span class='ocrx_word' id='word_1_217' title='bbox 905 3804 955 3859; x_wconf 89' lang='lat' dir='ltr'><strong>est</strong></span> <span class='ocrx_word' id='word_1_218' title='bbox 973 3795 1130 3860; x_wconf 88' lang='lat' dir='ltr'><strong>ininsula</strong></span> <span class='ocrx_word' id='word_1_219' title='bbox 1149 3794 1308 3858; x_wconf 87' lang='lat' dir='ltr'><strong>Tiberina</strong></span> <span class='ocrx_word' id='word_1_220' title='bbox 1329 3794 1364 3856; x_wconf 91' lang='lat' dir='ltr'><strong>in</strong></span> <span class='ocrx_word' id='word_1_221' title='bbox 1377 3786 1445 3854; x_wconf 78' lang='lat' dir='ltr'><strong>aede</strong></span> 
     </span>
     <span class='ocr_line' id='line_1_30' title="bbox 291 3911 582 3979; baseline 0.014 -4"><span class='ocrx_word' id='word_1_222' title='bbox 291 3911 382 3978; x_wconf 90' lang='lat' dir='ltr'><strong>Iovis</strong></span> <span class='ocrx_word' id='word_1_223' title='bbox 406 3921 438 3977; x_wconf 89' lang='lat' dir='ltr'><strong>et</strong></span> <span class='ocrx_word' id='word_1_224' title='bbox 458 3913 582 3979; x_wconf 68' lang='lat' dir='ltr'><strong>Faunis</strong></span> 
     </span>
    </p>

    <p class='ocr_par' dir='ltr' id='par_1_8' title="bbox 247 4030 1483 4372">
     <span class='ocr_line' id='line_1_31' title="bbox 247 4030 1444 4118; baseline -0.008 -20"><span class='ocrx_word' id='word_1_225' title='bbox 247 4055 272 4098; x_wconf 83' lang='lat' dir='ltr'><strong>so</strong></span> <span class='ocrx_word' id='word_1_226' title='bbox 377 4036 406 4094; x_wconf 82' lang='lat'><strong>4.</strong></span> <span class='ocrx_word' id='word_1_227' title='bbox 430 4032 804 4118; x_wconf 77' lang='lat' dir='ltr'><strong>(18.).Ampbiprostylos</strong></span> <span class='ocrx_word' id='word_1_228' title='bbox 831 4035 941 4100; x_wconf 90' lang='lat' dir='ltr'><strong>omnia</strong></span> <span class='ocrx_word' id='word_1_229' title='bbox 969 4032 1069 4097; x_wconf 91' lang='lat' dir='ltr'><strong>habet</strong></span> <span class='ocrx_word' id='word_1_230' title='bbox 1096 4054 1150 4116; x_wconf 89' lang='lat' dir='ltr'><strong>ea,</strong></span> <span class='ocrx_word' id='word_1_231' title='bbox 1178 4052 1261 4117; x_wconf 91' lang='lat' dir='ltr'><strong>quae</strong></span> <span class='ocrx_word' id='word_1_232' title='bbox 1288 4030 1444 4114; x_wconf 71' lang='lat' dir='ltr'><strong>prosator,</strong></span> 
     </span>
     <span class='ocr_line' id='line_1_32' title="bbox 291 4149 1443 4240; baseline 0 -26"><span class='ocrx_word' id='word_1_233' title='bbox 291 4159 523 4237; x_wconf 88' lang='lat' dir='ltr'><strong>praetereaque</strong></span> <span class='ocrx_word' id='word_1_234' title='bbox 555 4151 655 4217; x_wconf 90' lang='lat' dir='ltr'><strong>habet</strong></span> <span class='ocrx_word' id='word_1_235' title='bbox 681 4155 717 4218; x_wconf 91' lang='lat' dir='ltr'><strong>in</strong></span> <span class='ocrx_word' id='word_1_236' title='bbox 742 4155 867 4240; x_wconf 89' lang='lat' dir='ltr'><strong>postico</strong></span> <span class='ocrx_word' id='word_1_237' title='bbox 897 4152 940 4217; x_wconf 88' lang='lat' dir='ltr'><strong>ad</strong></span> <span class='ocrx_word' id='word_1_238' title='bbox 968 4149 1108 4216; x_wconf 87' lang='lat' dir='ltr'><strong>cundem</strong></span> <span class='ocrx_word' id='word_1_239' title='bbox 1135 4149 1267 4215; x_wconf 88' lang='lat' dir='ltr'><strong>modum</strong></span> <span class='ocrx_word' id='word_1_240' title='bbox 1292 4149 1443 4214; x_wconf 70' lang='lat' dir='ltr'><strong>columnas</strong></span> 
     </span>
     <span class='ocr_line' id='line_1_33' title="bbox 291 4268 1483 4372; baseline 0 -42"><span class='ocrx_word' id='word_1_241' title='bbox 291 4274 324 4330; x_wconf 92' lang='lat' dir='ltr'><strong>et</strong></span> <span class='ocrx_word' id='word_1_242' title='bbox 347 4268 528 4353; x_wconf 86' lang='lat' dir='ltr'><strong>fastigium.</strong></span> <span class='ocrx_word' id='word_1_243' title='bbox 1482 4281 1483 4372; x_wconf 74' lang='grc'>(</span> 
     </span>
    </p>
   </div>
   <div class='ocr_carea' id='block_1_3' title="bbox 377 4385 1444 4475">
    <p class='ocr_par' dir='ltr' id='par_1_9' title="bbox 377 4385 1483 4512">
     <span class='ocr_line' id='line_1_34' title="bbox 377 4385 1444 4475; baseline -0.014 -20"><span class='ocrx_word' id='word_1_244' title='bbox 377 4391 406 4448; x_wconf 87' lang='grc'><strong>5.</strong></span> <span class='ocrx_word' id='word_1_245' title='bbox 431 4386 513 4470; x_wconf 79' lang='grc'>(19.)</span> <span class='ocrx_word' id='word_1_246' title='bbox 538 4389 718 4469; x_wconf 79' lang='lat' dir='ltr'><strong>Peripteros</strong></span> <span class='ocrx_word' id='word_1_247' title='bbox 741 4398 849 4455; x_wconf 86' lang='lat' dir='ltr'><strong>autem</strong></span> <span class='ocrx_word' id='word_1_248' title='bbox 870 4390 948 4472; x_wconf 88' lang='lat' dir='ltr'><strong>erit,</strong></span> <span class='ocrx_word' id='word_1_249' title='bbox 971 4408 1055 4475; x_wconf 87' lang='lat' dir='ltr'><strong>quae</strong></span> <span class='ocrx_word' id='word_1_250' title='bbox 1077 4386 1214 4454; x_wconf 88' lang='lat' dir='ltr'><strong>habebit</strong></span> <span class='ocrx_word' id='word_1_251' title='bbox 1234 4387 1271 4452; x_wconf 92' lang='lat' dir='ltr'><strong>iu</strong></span> <span class='ocrx_word' id='word_1_252' title='bbox 1298 4387 1401 4452; x_wconf 85' lang='lat' dir='ltr'><strong>fronto</strong></span> <span class='ocrx_word' id='word_1_253' title='bbox 1419 4385 1444 4442; x_wconf 86' lang='lat' dir='ltr'><strong>ct</strong></span> 
     </span>
    </p>
   </div>
   <div class='ocr_carea' id='block_1_4' title="bbox 0 0 1508 5162">
    <p class='ocr_par' dir='ltr' id='par_1_10' title="bbox 0 0 1508 5162">
     <span class='ocr_line' id='line_1_35' title="bbox 0 0 1508 5162; baseline 0 0"><span class='ocrx_word' id='word_1_254' title='bbox 0 0 1508 5162; x_wconf 95' lang='lat' dir='ltr'><strong> </strong></span> 
     </span>
    </p>
   </div>
  </div>
 </body>
</html>
