3008 5162
281 424 341 486 122
786 442 945 490 vrrauvu

280 591 451 676 eligantur·
475 591 539 657 loci
572 593 737 677 salubres,
769 595 1076 666 ratiocinationibus
1107 599 1268 686 explicui3
1296 605 1429 690 ventique

279 713 336 797 qui
359 711 424 775 sint
446 719 479 776 et
501 703 656 799 equibus
676 713 867 799 regionibus
892 715 1015 802 singuli
1043 719 1184 804 spirent,
1209 720 1430 785 deformationi-

279 829 341 896 bus
370 831 559 915 grammicis
587 831 731 914 ostendi;
758 833 1005 922 platearumque
1033 844 1065 900 et
1093 838 1242 903 vicorum
1265 841 1314 904 uti
1342 861 1429 903 emen-

280 948 356 1012 date
380 949 461 1014 fiant
481 948 729 1015 distributiones
747 953 783 1015 in
800 953 972 1018 moenibus
995 953 1109 1040 docui;
1144 965 1178 1021 et
1204 960 1252 1023 ita
1271 958 1431 1023 finitionem

248 1068 382 1154 sprimo
403 1067 563 1132 volumini
585 1070 750 1133 constitui.
798 1071 858 1158 (5.)
888 1071 973 1137 Item
1002 1075 1037 1138 in
1066 1077 1210 1142 secundo
1237 1077 1278 1141 de
1305 1079 1432 1158 materia,

279 1209 360 1273 quas
382 1186 502 1252 habeat
523 1190 557 1252 in
578 1189 731 1277 operibus
756 1190 916 1256 utilitates
941 1201 973 1257 et
1000 1193 1119 1280 quibus
1143 1195 1321 1261 virtutibus
1348 1219 1364 1260 e
1387 1217 1432 1258 na-

278 1315 352 1371 tura
374 1329 483 1370 rerum
506 1307 549 1371 sit
564 1313 769 1396 comparata,
792 1311 916 1394 peregi.
961 1311 1059 1376 Nunc
1080 1314 1115 1376 in
1135 1315 1232 1379 tertio
1254 1314 1295 1379 de
1316 1314 1433 1379 deorum

276 1423 509 1489 immortalium
532 1425 669 1492 aedibus
690 1428 792 1492 sacris
816 1427 938 1513 dicam,
962 1431 1062 1495 etuti
1086 1439 1235 1518 oporteat
1251 1433 1433 1520 perscriptas

279 1565 350 1608 esse
371 1565 542 1630 exponam.

236 1717 261 1759 ¹⁰
730 1710 939 1778 CAPUT
972 1715 999 1779 I.

364 1915 393 1972 1.
420 1911 480 1997 (6.)
510 1911 653 1976 Aedium
680 1915 871 1999 compositio
899 1923 1027 1980 constat
1055 1939 1095 1980 ex
1119 1922 1326 2004 symmetria,
1354 1920 1434 1982 cuins

277 2032 437 2096 rationem
463 2029 717 2116 diligentissime
745 2033 916 2098 architecti
949 2043 1061 2100 tenere
1088 2034 1219 2101 debent.
1264 2037 1315 2101 Ea
1341 2046 1436 2101 autem

278 2141 405 2236 paritur
429 2171 449 2213 a
476 2151 704 2237 proportione,
735 2173 818 2237 quac
843 2151 969 2217 Graece
998 2122 1163 2238 circloyi‘u
1191 2155 1323 2220 dicitur.
1370 2155 1437 2218 Pro·

277 2269 383 2356 portio
415 2276 464 2332 est
490 2275 581 2360 ratae
608 2270 710 2356 partis
738 2269 956 2336 membrorum
986 2273 1021 2335 in
1048 2275 1137 2337 omni
1160 2295 1257 2360 opere
1285 2276 1436 2359 totiusque

235 2407 259 2448 15
278 2386 547 2471 commodulatio,
581 2410 623 2452 ex
652 2410 717 2474 qua
746 2391 829 2455 ratio
860 2390 1002 2455 efficitur
1033 2393 1309 2478 symmetriarum.
1353 2392 1436 2456 Nam-

277 2530 340 2595 que
362 2529 428 2572 non
452 2515 562 2594 potest
591 2507 683 2572 aedis
707 2507 774 2572 ulla
797 2509 867 2574 sine
897 2509 1090 2595 symmetria¹
1114 2518 1212 2596 atquc
1240 2512 1436 2597 proportione
1493 2549 1494 2602 q

276 2627 437 2691 rationem
469 2625 591 2689 habere
623 2629 884 2712 compositionis,
918 2629 1000 2712 nisi,
1033 2630 1082 2693 uti
1117 2629 1160 2692 ad
1192 2627 1334 2694 hominis
1364 2631 1435 2694 bene
1492 2639 1494 2648 ⁴

276 2745 410 2828 figurati
446 2743 711 2829 similitudinem,
757 2747 976 2813 membrorum
1015 2747 1169 2812 habuerit
1205 2757 1355 2814 exactam
1395 2769 1436 2812 ra-

277 2864 410 2928 tionem.

232 2997 258 3036 20
363 2982 392 3044 2.
415 2981 474 3066 (7.)
500 2979 626 3070 Corpus
650 2984 737 3048 enim
755 2984 895 3048 hominis
915 2985 962 3048 ita
981 2991 1099 3048 natura
1121 2988 1320 3070 composuit,
1342 2989 1387 3051 uti
1407 3007 1436 3050 os

276 3100 393 3184 capitis
417 3121 437 3162 a
459 3109 568 3165 mento
588 3100 631 3165 ad
650 3101 790 3168 frontem
819 3126 977 3168 summam
1008 3112 1039 3168 at
1069 3104 1198 3168 radices
1227 3105 1311 3168 imas
1338 3102 1437 3192 capilli

276 3228 363 3284 esset
385 3219 530 3285 decimae
552 3223 672 3308 partis;
700 3221 778 3286 item
805 3244 922 3287 manus
951 3223 1062 3310 palma
1091 3223 1132 3287 ab
1159 3221 1298 3287 articulo
1329 3223 1371 3286 ad
1392 3242 1438 3284 ex-

275 3349 413 3405 tremum
432 3340 577 3404 medium
599 3340 740 3426 digitum
761 3341 971 3424 tantundem
1002 3350 1100 3427 caput
1123 3362 1143 3404 a
1165 3350 1274 3405 mento
1298 3341 1341 3405 ad
1365 3361 1438 3405 sum-

275 3482 363 3523 mum
381 3461 538 3524 verticem
561 3467 713 3544 octavae,
737 3483 811 3524 curn
826 3459 1011 3526 cervicibus
1028 3460 1102 3524 imis
1118 3458 1160 3523 ab
1176 3482 1301 3525 summo
1317 3469 1437 3548 pectore

231 3595 257 3634 2⁵
276 3579 319 3642 ad
340 3581 423 3643 imas
445 3578 574 3643 radices
598 3579 791 3666 capillorum
816 3585 945 3662 sextae3
973 3599 993 3640 a
1014 3579 1121 3643 medio
1144 3587 1275 3667 pectore
1296 3579 1340 3643 ad
1362 3598 1441 3644 sum·
1493 3655 1494 3660 ἵ

274 3719 363 3760 mum
392 3698 551 3762 verticem
580 3707 725 3784 quartae.
770 3697 880 3785 Ipsius
906 3705 1016 3762 autem
1044 3689 1109 3760 oris
1137 3696 1322 3762 altitudinis
1351 3695 1437 3760 tertis

275 3823 419 3903 estpars
443 3817 484 3880 ab
508 3816 572 3880 imo
595 3825 704 3880 mento
727 3817 769 3881 ad
785 3817 868 3879 imas
884 3837 996 3899 nares;
1017 3837 1134 3879 nasum
1154 3815 1195 3880 ab
1214 3791 1292 3898 imis
1309 3815 1435 3880 naribus

274 3934 437 3998 adfinem
463 3933 608 3998 medium
638 3932 887 4020 superciliorum
913 3935 1123 4018 tantundem3
1158 3933 1200 3998 ab
1234 3956 1272 4000 eo
1306 3925 1378 3998 fine
1402 3928 1437 3995 ad

273 4056 355 4118 imas
378 4053 507 4117 radices
530 4052 641 4140 capilli
670 4053 760 4119 frons
786 4053 945 4140 efficitur,
974 4056 1053 4119 item
1082 4056 1200 4118 tertiae
1221 4055 1337 4140 partis.
1381 4052 1435 4114 Pes

231 4197 257 4239 so
273 4195 351 4237 vero
374 4171 558 4237 altitudinis
580 4173 725 4260 corporis
749 4183 877 4258 sextae,
902 4175 1031 4240 cubitus
1055 4180 1206 4258 quartae,
1233 4178 1347 4258 pectus
1369 4172 1436 4234 item

274 4297 421 4375 quartae.
466 4290 607 4376 Reliqua
635 4312 764 4379 quoque
795 4292 942 4357 membra
978 4313 1053 4356 suas
1082 4291 1206 4356 habent
1240 4305 1434 4355 commensus

274 4407 517 4494 proportiones,
539 4409 657 4493 quibus
679 4412 776 4473 etiam
795 4410 924 4494 antiqui
944 4411 1086 4496 pictores
1103 4415 1135 4472 et
1150 4408 1302 4472 statuarii
1321 4401 1435 4470 nobiles
