3028 5164
238 413 297 476 184
587 467 590 472 .
744 423 901 472 vrruuvu

238 582 506 667 compingantur,
540 578 678 643 altitudo
714 578 855 664 impagis
891 576 949 640 fiat
980 577 1128 663 tympani
1165 579 1265 642 tertia
1307 582 1458 663 parte3

239 699 417 784 cymatium
440 705 533 760 sexta
550 704 642 783 parte
662 696 814 782 impagis.
860 695 1040 780 Scaporum
1058 693 1248 759 latitudines
1270 696 1456 780 impagis

241 816 376 880 dimid-ia
395 824 504 901 parte3
526 815 605 878 item
626 812 752 900 replum
777 813 817 876 de
840 813 970 898 impage
991 811 1128 876 dimidia
1143 821 1175 876 et
1195 821 1291 876 sexta
1312 820 1454 899 parte.

242 929 354 1021 Scapi,
383 935 440 1018 qui
468 939 543 994 sunt
575 931 751 994 secundum
777 938 1046 1016 antepagmenta,
1076 929 1247 994 dimidium
1270 930 1455 1017 impagis

155 1062 158 1069 '
212 1074 224 1112 s
242 1053 492 1116 constituantur.
537 1049 620 1134 (49.)
641 1047 699 1112 Sin
714 1057 823 1112 autem
841 1047 995 1113 valvatae
1016 1057 1129 1130 erunt,
1152 1047 1364 1114 altitudines
1393 1049 1454 1110 ita

242 1167 435 1250 manebunt,
468 1167 504 1229 in
535 1163 743 1230 latitudinem
773 1165 948 1230 adiiciatur
979 1165 1119 1252 amplius
1150 1166 1230 1229 foris
1259 1165 1451 1232 latitudo.

245 1289 280 1352 Si
303 1287 502 1373 quadriforis
525 1289 636 1352 futura
658 1293 725 1369 est,
749 1283 889 1348 altitudo
913 1284 1098 1349 adiiciatur.

330 1409 359 1468 6.
391 1401 474 1492 (50.)
503 1405 688 1486 atticurges
712 1412 819 1466 autem
843 1402 959 1466 iisdem
980 1401 1164 1467 rationibus
1187 1403 1448 1490 perficiuntur,

245 1525 361 1610 quibus
380 1523 519 1604 Dorica,
541 1529 711 1607 praeterea
732 1544 844 1586 corsae
867 1521 927 1586 sub
951 1521 1103 1606 cymatiis
1126 1521 1161 1583 in
1182 1530 1448 1607 antepagmen-

204 1643 289 1709 ntis
314 1641 573 1722 circumdantur,
600 1661 683 1725 quae
711 1639 758 1702 ita
787 1638 941 1702 distribui
964 1639 1099 1722 debent,
1127 1639 1175 1702 uti
1201 1640 1236 1702 in
1258 1613 1446 1726 antepag-

246 1759 365 1824 mentis
387 1764 517 1841 praetcr
540 1757 716 1842 cymatium
737 1779 780 1820 ex
801 1757 949 1842 partibus
969 1757 1037 1820 VII
1063 1757 1206 1821 habeant
1236 1757 1320 1820 duas
1350 1781 1446 1844 par-

246 1885 313 1957 tes3
343 1877 479 1960 ipsaque
507 1895 572 1936 non
598 1875 680 1937 fiunt
706 1874 883 1956 clathrata,
911 1896 1017 1960 neque
1046 1873 1169 1956 bifora,
1191 1874 1249 1939 sed
1270 1875 1443 1958 valvata,

248 2003 280 2056 et
298 2000 466 2078 aperturas
489 1989 611 2054 habent
633 1992 667 2053 in
691 1992 868 2055 exteriores
890 1999 1011 2076 partes.
1356 1975 1361 1980 ’

678 2255 870 2321 CAPUT
904 2254 984 2320 VII.

206 2490 231 2530 15
337 2461 418 2550 (51.)
455 2459 545 2540 Quas
572 2461 716 2524 rationes
747 2460 876 2524 aedium
905 2481 1073 2523 sacrarum
1102 2460 1136 2522 in
1167 2459 1433 2527 formationibus

250 2589 397 2668 oporteat
420 2580 495 2642 fieri
517 2579 664 2661 Derieis,
694 2578 816 2642 loniois
844 2577 1088 2662 Corinthiisque
1110 2575 1280 2664 operibus,
1309 2579 1434 2664 quoad

249 2701 341 2785 potui
371 2700 548 2782 attingere,
573 2696 676 2760 veluti
704 2694 862 2779 legitimis
892 2694 1038 2759 moribus
1068 2695 1221 2781 exposui3
1256 2717 1346 2760 nunc
1384 2695 1433 2759 de

251 2814 442 2880 Tuscanicis
476 2813 762 2899 dispositionibus,
797 2811 1070 2898 quemadmodum
1106 2801 1232 2876 institui
1262 2822 1430 2900 oporteat,

252 2933 369 2995 dicam.
403 2931 503 3020 [Vll]
520 2937 547 2994 1.
560 2933 640 3018 (52.)
660 2932 784 3014 Locus,
803 2935 913 3017 inquo
927 2931 1018 2995 aedis
1031 2932 1259 3012 constituetur,
1279 2951 1354 2994 cum
1368 2932 1433 2996 ha-

206 3078 233 3118 ro
250 3050 358 3114 buerit
379 3051 414 3112 in
434 3050 639 3133 longitudine
659 3073 719 3114 sex
738 3057 863 3134 partes,
887 3071 952 3111 una
974 3049 1126 3134 adempta
1147 3049 1309 3134 reliquum
1332 3049 1430 3135 quod

251 3151 502 3230 erit'latitudini
525 3166 628 3230 detur.
672 3166 859 3252 Longitudo
876 3175 984 3230 autem
1004 3166 1173 3230 dividatur
1193 3165 1368 3252 bipartito;
1393 3176 1430 3230 et

250 3295 333 3370 quae
354 3305 429 3369 pars
450 3286 510 3347 erit
531 3285 683 3368 interior,
705 3285 859 3349 cellarum
882 3283 996 3371 spatiis
1019 3282 1225 3368 designetur,
1251 3305 1335 3370 quae
1360 3285 1430 3348 erit

250 3402 400 3488 proxima
417 3400 533 3485 fronti,
555 3401 778 3467 columnarum
799 3402 1007 3489 dispositioni
1025 3400 1240 3486 relinquatur.
1286 3402 1316 3462 2.
1335 3399 1427 3465 Item

251 3517 390 3581 latitudo
425 3518 592 3582 dividatur
626 3521 661 3582 in
692 3530 801 3605 partes
836 3520 964 3602 decem,
1006 3541 1048 3582 ex
1081 3517 1132 3582 his
1165 3526 1279 3583 ternae
1309 3528 1425 3604 partes

207 3662 234 3703 25
253 3635 368 3698 dextra
404 3658 443 3699 ac
477 3635 609 3700 sinistra
642 3637 734 3702 cellis
767 3637 964 3720 minoribus,
1002 3638 1072 3700 sive
1103 3636 1149 3700 ibi
1184 3635 1256 3699 alae
1289 3636 1424 3700 futurae

252 3761 343 3835 sunt,
384 3753 516 3837 dentur,
555 3755 700 3840 reliquae
739 3764 878 3842 quatuor
914 3755 1042 3819 mediae
1079 3753 1154 3816 aedi
1188 3754 1423 3818 attribuantur.

253 3871 416 3957 Spatium,
443 3871 530 3957 quod
557 3873 618 3936 erit
645 3880 720 3936 ante
749 3871 848 3936 cellas
877 3873 911 3935 in
938 3893 1079 3958 pronao,
1108 3875 1156 3934 ita
1183 3870 1343 3935 columnis
1367 3843 1446 3936 des

253 3989 415 4072 signetur,
438 3996 474 4050 ut
496 3989 669 4074 angulares
693 3999 806 4055 contra
826 3999 938 4074 antas,
969 3991 1132 4077 parietum
1161 3997 1382 4053 extremorum
1406 4014 1424 4054 e

252 4107 405 4190 regione,
423 4153 425 4158 -
440 4103 654 4190 collocentur,
689 4108 774 4172 duae
800 4109 928 4172 mediae
951 4131 968 4172 e
993 4109 1128 4192 regione
1155 4106 1332 4192 parietum,
1364 4110 1425 4193 qui

210 4221 337 4284 vuinter
360 4228 453 4284 antas
483 4230 515 4284 et
542 4222 683 4286 mediam
710 4226 824 4289 aedem
854 4226 991 4309 fuerint,
1024 4227 1070 4288 ita
1101 4223 1355 4305 distribuantur3
1391 4235 1425 4290 et

254 4337 339 4400 inter
361 4345 453 4401 antas
476 4349 508 4402 et
530 4340 695 4406 columnas
711 4343 835 4426 priores
856 4365 914 4429 per
930 4343 1074 4407 medium
1097 4342 1215 4406 iisdem
1229 4343 1422 4427 regionibus

582 4435 592 4456 .
